%YAML 1.1
%TAG !u! tag:unity3d.com,2011:
--- !u!1 &424596531
GameObject:
  m_ObjectHideFlags: 0
  m_CorrespondingSourceObject: {fileID: 0}
  m_PrefabInstance: {fileID: 0}
  m_PrefabAsset: {fileID: 0}
  serializedVersion: 6
  m_Component:
  - component: {fileID: 7757196567258848256}
  - component: {fileID: 410861994216939083}
  - component: {fileID: 424596532}
  - component: {fileID: 4773625629088293036}
  - component: {fileID: 8972415286377720044}
  m_Layer: 0
  m_Name: Fille_001
  m_TagString: Untagged
  m_Icon: {fileID: 0}
  m_NavMeshLayer: 0
  m_StaticEditorFlags: 0
  m_IsActive: 1
--- !u!4 &7757196567258848256
Transform:
  m_ObjectHideFlags: 0
  m_CorrespondingSourceObject: {fileID: 0}
  m_PrefabInstance: {fileID: 0}
  m_PrefabAsset: {fileID: 0}
  m_GameObject: {fileID: 424596531}
  m_LocalRotation: {x: 0, y: 0, z: 0, w: 1}
  m_LocalPosition: {x: 28.690977, y: -0.19999903, z: 6.4412584}
  m_LocalScale: {x: 1, y: 1, z: 1}
  m_Children:
  - {fileID: 7755932283482952137}
  - {fileID: 1260115510535759565}
  m_Father: {fileID: 0}
  m_RootOrder: 0
  m_LocalEulerAnglesHint: {x: 0, y: 0, z: 0}
--- !u!95 &410861994216939083
Animator:
  serializedVersion: 3
  m_ObjectHideFlags: 0
  m_CorrespondingSourceObject: {fileID: 0}
  m_PrefabInstance: {fileID: 0}
  m_PrefabAsset: {fileID: 0}
  m_GameObject: {fileID: 424596531}
  m_Enabled: 1
  m_Avatar: {fileID: 9000000, guid: 794641b6454d60248bd93747cb52f974, type: 3}
  m_Controller: {fileID: 9100000, guid: c1fdf55221e7f6d4baa96b0cc6b8f947, type: 2}
  m_CullingMode: 1
  m_UpdateMode: 0
  m_ApplyRootMotion: 1
  m_LinearVelocityBlending: 0
  m_WarningMessage: 
  m_HasTransformHierarchy: 1
  m_AllowConstantClipSamplingOptimization: 1
  m_KeepAnimatorControllerStateOnDisable: 0
--- !u!195 &424596532
NavMeshAgent:
  m_ObjectHideFlags: 0
  m_CorrespondingSourceObject: {fileID: 0}
  m_PrefabInstance: {fileID: 0}
  m_PrefabAsset: {fileID: 0}
  m_GameObject: {fileID: 424596531}
  m_Enabled: 1
  m_AgentTypeID: 0
  m_Radius: 0.2
  m_Speed: 0
  m_Acceleration: 8
  avoidancePriority: 50
  m_AngularSpeed: 70
  m_StoppingDistance: 0
  m_AutoTraverseOffMeshLink: 1
  m_AutoBraking: 1
  m_AutoRepath: 1
  m_Height: 2
  m_BaseOffset: -0.05
  m_WalkableMask: 4294967295
  m_ObstacleAvoidanceType: 4
--- !u!114 &4773625629088293036
MonoBehaviour:
  m_ObjectHideFlags: 0
  m_CorrespondingSourceObject: {fileID: 0}
  m_PrefabInstance: {fileID: 0}
  m_PrefabAsset: {fileID: 0}
  m_GameObject: {fileID: 424596531}
  m_Enabled: 1
  m_EditorHideFlags: 0
  m_Script: {fileID: 11500000, guid: b0399bbc92046db4a9724cf923f63ac1, type: 3}
  m_Name: 
  m_EditorClassIdentifier: 
  m_IdleChance: 5
  m_IdleDurationBounds: {x: 1, y: 5}
  m_SpeedMultiplicator: 1
--- !u!136 &8972415286377720044
CapsuleCollider:
  m_ObjectHideFlags: 0
  m_CorrespondingSourceObject: {fileID: 0}
  m_PrefabInstance: {fileID: 0}
  m_PrefabAsset: {fileID: 0}
  m_GameObject: {fileID: 424596531}
  m_Material: {fileID: 0}
  m_IsTrigger: 0
  m_Enabled: 1
  m_Radius: 0.2
  m_Height: 1.25
  m_Direction: 1
  m_Center: {x: 0, y: 1.75, z: 0}
--- !u!1 &48883285714966920
GameObject:
  m_ObjectHideFlags: 0
  m_CorrespondingSourceObject: {fileID: 0}
  m_PrefabInstance: {fileID: 0}
  m_PrefabAsset: {fileID: 0}
  serializedVersion: 6
  m_Component:
  - component: {fileID: 7723353752148641351}
  m_Layer: 0
  m_Name: mixamorig:RightToeBase
  m_TagString: Untagged
  m_Icon: {fileID: 0}
  m_NavMeshLayer: 0
  m_StaticEditorFlags: 0
  m_IsActive: 1
--- !u!4 &7723353752148641351
Transform:
  m_ObjectHideFlags: 0
  m_CorrespondingSourceObject: {fileID: 0}
  m_PrefabInstance: {fileID: 0}
  m_PrefabAsset: {fileID: 0}
  m_GameObject: {fileID: 48883285714966920}
  m_LocalRotation: {x: 0.29802725, y: -0.009989165, z: 0.002999547, w: 0.95450044}
  m_LocalPosition: {x: 5.1660515e-10, y: 0.13128385, z: 0.0000000012394198}
  m_LocalScale: {x: 1, y: 1, z: 1}
  m_Children:
  - {fileID: 2587063431334101118}
  m_Father: {fileID: 2739784882189728951}
  m_RootOrder: 0
  m_LocalEulerAnglesHint: {x: 0, y: 0, z: 0}
--- !u!1 &113028667221407342
GameObject:
  m_ObjectHideFlags: 0
  m_CorrespondingSourceObject: {fileID: 0}
  m_PrefabInstance: {fileID: 0}
  m_PrefabAsset: {fileID: 0}
  serializedVersion: 6
  m_Component:
  - component: {fileID: 1596470070009094355}
  m_Layer: 0
  m_Name: mixamorig:LeftHandPinky3
  m_TagString: Untagged
  m_Icon: {fileID: 0}
  m_NavMeshLayer: 0
  m_StaticEditorFlags: 0
  m_IsActive: 1
--- !u!4 &1596470070009094355
Transform:
  m_ObjectHideFlags: 0
  m_CorrespondingSourceObject: {fileID: 0}
  m_PrefabInstance: {fileID: 0}
  m_PrefabAsset: {fileID: 0}
  m_GameObject: {fileID: 113028667221407342}
  m_LocalRotation: {x: 0.08806094, y: -0.0005104579, z: 0.031151624, w: 0.99562776}
  m_LocalPosition: {x: 0.00002433201, y: 0.0156973, z: -9.1649105e-11}
  m_LocalScale: {x: 1, y: 1, z: 1}
  m_Children:
  - {fileID: 6663861723785674826}
  m_Father: {fileID: 9216552210561984670}
  m_RootOrder: 0
  m_LocalEulerAnglesHint: {x: 0, y: 0, z: 0}
--- !u!1 &425640595581808160
GameObject:
  m_ObjectHideFlags: 0
  m_CorrespondingSourceObject: {fileID: 0}
  m_PrefabInstance: {fileID: 0}
  m_PrefabAsset: {fileID: 0}
  serializedVersion: 6
  m_Component:
  - component: {fileID: 4299892811693270180}
  m_Layer: 0
  m_Name: mixamorig:RightHand
  m_TagString: Untagged
  m_Icon: {fileID: 0}
  m_NavMeshLayer: 0
  m_StaticEditorFlags: 0
  m_IsActive: 1
--- !u!4 &4299892811693270180
Transform:
  m_ObjectHideFlags: 0
  m_CorrespondingSourceObject: {fileID: 0}
  m_PrefabInstance: {fileID: 0}
  m_PrefabAsset: {fileID: 0}
  m_GameObject: {fileID: 425640595581808160}
  m_LocalRotation: {x: 0.009567368, y: 0.37512758, z: -0.06615408, w: 0.9245601}
  m_LocalPosition: {x: -0.0000000030000125, y: 0.23847738, z: -0.00000000403171}
  m_LocalScale: {x: 1, y: 1, z: 1}
  m_Children:
  - {fileID: 2944199349265328782}
  - {fileID: 434515771515466540}
  - {fileID: 5871074414535298057}
  - {fileID: 2224669984247472240}
  - {fileID: 3521691752084995556}
  m_Father: {fileID: 7674287914629413840}
  m_RootOrder: 0
  m_LocalEulerAnglesHint: {x: 0, y: 0, z: 0}
--- !u!1 &469128878091380979
GameObject:
  m_ObjectHideFlags: 0
  m_CorrespondingSourceObject: {fileID: 0}
  m_PrefabInstance: {fileID: 0}
  m_PrefabAsset: {fileID: 0}
  serializedVersion: 6
  m_Component:
  - component: {fileID: 8812556339147267542}
  m_Layer: 0
  m_Name: mixamorig:RightHandPinky4
  m_TagString: Untagged
  m_Icon: {fileID: 0}
  m_NavMeshLayer: 0
  m_StaticEditorFlags: 0
  m_IsActive: 1
--- !u!4 &8812556339147267542
Transform:
  m_ObjectHideFlags: 0
  m_CorrespondingSourceObject: {fileID: 0}
  m_PrefabInstance: {fileID: 0}
  m_PrefabAsset: {fileID: 0}
  m_GameObject: {fileID: 469128878091380979}
  m_LocalRotation: {x: 0, y: -0, z: -0, w: 1}
  m_LocalPosition: {x: -0.000118076736, y: 0.013836376, z: -6.904671e-11}
  m_LocalScale: {x: 1, y: 1, z: 1}
  m_Children: []
  m_Father: {fileID: 8022644864097884570}
  m_RootOrder: 0
  m_LocalEulerAnglesHint: {x: 0, y: 0, z: 0}
--- !u!1 &666121306112352346
GameObject:
  m_ObjectHideFlags: 0
  m_CorrespondingSourceObject: {fileID: 0}
  m_PrefabInstance: {fileID: 0}
  m_PrefabAsset: {fileID: 0}
  serializedVersion: 6
  m_Component:
  - component: {fileID: 7137459443771658163}
  m_Layer: 0
  m_Name: mixamorig:LeftHand
  m_TagString: Untagged
  m_Icon: {fileID: 0}
  m_NavMeshLayer: 0
  m_StaticEditorFlags: 0
  m_IsActive: 1
--- !u!4 &7137459443771658163
Transform:
  m_ObjectHideFlags: 0
  m_CorrespondingSourceObject: {fileID: 0}
  m_PrefabInstance: {fileID: 0}
  m_PrefabAsset: {fileID: 0}
  m_GameObject: {fileID: 666121306112352346}
  m_LocalRotation: {x: 0.068200916, y: -0.22606806, z: 0.0071806745, w: 0.9716946}
  m_LocalPosition: {x: 7.840804e-10, y: 0.22631799, z: 0.0000000038144066}
  m_LocalScale: {x: 1, y: 1, z: 1}
  m_Children:
  - {fileID: 8320885462646053173}
  - {fileID: 6946050729420835305}
  - {fileID: 4920653646005435832}
  - {fileID: 2048166666544290924}
  - {fileID: 589895803176170714}
  m_Father: {fileID: 6735512411592411174}
  m_RootOrder: 0
  m_LocalEulerAnglesHint: {x: 0, y: 0, z: 0}
--- !u!1 &712326814728697132
GameObject:
  m_ObjectHideFlags: 0
  m_CorrespondingSourceObject: {fileID: 0}
  m_PrefabInstance: {fileID: 0}
  m_PrefabAsset: {fileID: 0}
  serializedVersion: 6
  m_Component:
  - component: {fileID: 6367045247536276462}
  m_Layer: 0
  m_Name: mixamorig:Spine
  m_TagString: Untagged
  m_Icon: {fileID: 0}
  m_NavMeshLayer: 0
  m_StaticEditorFlags: 0
  m_IsActive: 1
--- !u!4 &6367045247536276462
Transform:
  m_ObjectHideFlags: 0
  m_CorrespondingSourceObject: {fileID: 0}
  m_PrefabInstance: {fileID: 0}
  m_PrefabAsset: {fileID: 0}
  m_GameObject: {fileID: 712326814728697132}
  m_LocalRotation: {x: -0.027617302, y: 0.0066946764, z: -0.07890125, w: 0.99647737}
  m_LocalPosition: {x: -0, y: 0.084145665, z: -0.004406115}
  m_LocalScale: {x: 1, y: 1, z: 1}
  m_Children:
  - {fileID: 5797760339379926012}
  m_Father: {fileID: 7755932283482952137}
  m_RootOrder: 2
  m_LocalEulerAnglesHint: {x: 0, y: 0, z: 0}
--- !u!1 &716057776781585567
GameObject:
  m_ObjectHideFlags: 0
  m_CorrespondingSourceObject: {fileID: 0}
  m_PrefabInstance: {fileID: 0}
  m_PrefabAsset: {fileID: 0}
  serializedVersion: 6
  m_Component:
  - component: {fileID: 7884048015028369112}
  m_Layer: 0
  m_Name: mixamorig:RightHandRing2
  m_TagString: Untagged
  m_Icon: {fileID: 0}
  m_NavMeshLayer: 0
  m_StaticEditorFlags: 0
  m_IsActive: 1
--- !u!4 &7884048015028369112
Transform:
  m_ObjectHideFlags: 0
  m_CorrespondingSourceObject: {fileID: 0}
  m_PrefabInstance: {fileID: 0}
  m_PrefabAsset: {fileID: 0}
  m_GameObject: {fileID: 716057776781585567}
  m_LocalRotation: {x: 0.095475465, y: 0.00065052125, z: -0.03085806, w: 0.9949532}
  m_LocalPosition: {x: 0.00044588646, y: 0.02670817, z: -0.0000000013881094}
  m_LocalScale: {x: 1, y: 1, z: 1}
  m_Children:
  - {fileID: 8227342698282637683}
  m_Father: {fileID: 2224669984247472240}
  m_RootOrder: 0
  m_LocalEulerAnglesHint: {x: 0, y: 0, z: 0}
--- !u!1 &874965157419644479
GameObject:
  m_ObjectHideFlags: 0
  m_CorrespondingSourceObject: {fileID: 0}
  m_PrefabInstance: {fileID: 0}
  m_PrefabAsset: {fileID: 0}
  serializedVersion: 6
  m_Component:
  - component: {fileID: 6735512411592411174}
  m_Layer: 0
  m_Name: mixamorig:LeftForeArm
  m_TagString: Untagged
  m_Icon: {fileID: 0}
  m_NavMeshLayer: 0
  m_StaticEditorFlags: 0
  m_IsActive: 1
--- !u!4 &6735512411592411174
Transform:
  m_ObjectHideFlags: 0
  m_CorrespondingSourceObject: {fileID: 0}
  m_PrefabInstance: {fileID: 0}
  m_PrefabAsset: {fileID: 0}
  m_GameObject: {fileID: 874965157419644479}
  m_LocalRotation: {x: 0.026105694, y: 0.016515972, z: -0.17958196, w: 0.9832579}
  m_LocalPosition: {x: 6.258153e-10, y: 0.22135814, z: -0.000000006235606}
  m_LocalScale: {x: 1, y: 1, z: 1}
  m_Children:
  - {fileID: 7137459443771658163}
  m_Father: {fileID: 8947776408979889534}
  m_RootOrder: 0
  m_LocalEulerAnglesHint: {x: 0, y: 0, z: 0}
--- !u!1 &881968916825049382
GameObject:
  m_ObjectHideFlags: 0
  m_CorrespondingSourceObject: {fileID: 0}
  m_PrefabInstance: {fileID: 0}
  m_PrefabAsset: {fileID: 0}
  serializedVersion: 6
  m_Component:
  - component: {fileID: 2048166666544290924}
  m_Layer: 0
  m_Name: mixamorig:LeftHandRing1
  m_TagString: Untagged
  m_Icon: {fileID: 0}
  m_NavMeshLayer: 0
  m_StaticEditorFlags: 0
  m_IsActive: 1
--- !u!4 &2048166666544290924
Transform:
  m_ObjectHideFlags: 0
  m_CorrespondingSourceObject: {fileID: 0}
  m_PrefabInstance: {fileID: 0}
  m_PrefabAsset: {fileID: 0}
  m_GameObject: {fileID: 881968916825049382}
  m_LocalRotation: {x: 0.07935028, y: 0.030519893, z: -0.034047525, w: 0.99579763}
  m_LocalPosition: {x: -0.010177646, y: 0.13758358, z: -0.0032655513}
  m_LocalScale: {x: 1, y: 1, z: 1}
  m_Children:
  - {fileID: 1863458201748697719}
  m_Father: {fileID: 7137459443771658163}
  m_RootOrder: 3
  m_LocalEulerAnglesHint: {x: 0, y: 0, z: 0}
--- !u!1 &907324896649754978
GameObject:
  m_ObjectHideFlags: 0
  m_CorrespondingSourceObject: {fileID: 0}
  m_PrefabInstance: {fileID: 0}
  m_PrefabAsset: {fileID: 0}
  serializedVersion: 6
  m_Component:
  - component: {fileID: 4920653646005435832}
  m_Layer: 0
  m_Name: mixamorig:LeftHandPinky1
  m_TagString: Untagged
  m_Icon: {fileID: 0}
  m_NavMeshLayer: 0
  m_StaticEditorFlags: 0
  m_IsActive: 1
--- !u!4 &4920653646005435832
Transform:
  m_ObjectHideFlags: 0
  m_CorrespondingSourceObject: {fileID: 0}
  m_PrefabInstance: {fileID: 0}
  m_PrefabAsset: {fileID: 0}
  m_GameObject: {fileID: 907324896649754978}
  m_LocalRotation: {x: 0.09085715, y: 0.04268785, z: 0.011726527, w: 0.99487954}
  m_LocalPosition: {x: -0.029068062, y: 0.13225515, z: -0.0051919436}
  m_LocalScale: {x: 1, y: 1, z: 1}
  m_Children:
  - {fileID: 9216552210561984670}
  m_Father: {fileID: 7137459443771658163}
  m_RootOrder: 2
  m_LocalEulerAnglesHint: {x: 0, y: 0, z: 0}
--- !u!1 &967010509523952180
GameObject:
  m_ObjectHideFlags: 0
  m_CorrespondingSourceObject: {fileID: 0}
  m_PrefabInstance: {fileID: 0}
  m_PrefabAsset: {fileID: 0}
  serializedVersion: 6
  m_Component:
  - component: {fileID: 1467956127764983368}
  m_Layer: 0
  m_Name: mixamorig:RightHandIndex4
  m_TagString: Untagged
  m_Icon: {fileID: 0}
  m_NavMeshLayer: 0
  m_StaticEditorFlags: 0
  m_IsActive: 1
--- !u!4 &1467956127764983368
Transform:
  m_ObjectHideFlags: 0
  m_CorrespondingSourceObject: {fileID: 0}
  m_PrefabInstance: {fileID: 0}
  m_PrefabAsset: {fileID: 0}
  m_GameObject: {fileID: 967010509523952180}
  m_LocalRotation: {x: 0, y: -0, z: -0, w: 1}
  m_LocalPosition: {x: -0.00025207884, y: 0.02123826, z: 5.616041e-11}
  m_LocalScale: {x: 1, y: 1, z: 1}
  m_Children: []
  m_Father: {fileID: 1480369935904447123}
  m_RootOrder: 0
  m_LocalEulerAnglesHint: {x: 0, y: 0, z: 0}
--- !u!1 &1133142734170817837
GameObject:
  m_ObjectHideFlags: 0
  m_CorrespondingSourceObject: {fileID: 0}
  m_PrefabInstance: {fileID: 0}
  m_PrefabAsset: {fileID: 0}
  serializedVersion: 6
  m_Component:
  - component: {fileID: 6946050729420835305}
  m_Layer: 0
  m_Name: mixamorig:LeftHandMiddle1
  m_TagString: Untagged
  m_Icon: {fileID: 0}
  m_NavMeshLayer: 0
  m_StaticEditorFlags: 0
  m_IsActive: 1
--- !u!4 &6946050729420835305
Transform:
  m_ObjectHideFlags: 0
  m_CorrespondingSourceObject: {fileID: 0}
  m_PrefabInstance: {fileID: 0}
  m_PrefabAsset: {fileID: 0}
  m_GameObject: {fileID: 1133142734170817837}
  m_LocalRotation: {x: 0.024587221, y: 0.014941552, z: -0.047440708, w: 0.99845964}
  m_LocalPosition: {x: 0.011517551, y: 0.1318658, z: -0.0036856027}
  m_LocalScale: {x: 1, y: 1, z: 1}
  m_Children:
  - {fileID: 631339015649218573}
  m_Father: {fileID: 7137459443771658163}
  m_RootOrder: 1
  m_LocalEulerAnglesHint: {x: 0, y: 0, z: 0}
--- !u!1 &1746409288729355348
GameObject:
  m_ObjectHideFlags: 0
  m_CorrespondingSourceObject: {fileID: 0}
  m_PrefabInstance: {fileID: 0}
  m_PrefabAsset: {fileID: 0}
  serializedVersion: 6
  m_Component:
  - component: {fileID: 4209116758997087721}
  m_Layer: 0
  m_Name: mixamorig:LeftToeBase
  m_TagString: Untagged
  m_Icon: {fileID: 0}
  m_NavMeshLayer: 0
  m_StaticEditorFlags: 0
  m_IsActive: 1
--- !u!4 &4209116758997087721
Transform:
  m_ObjectHideFlags: 0
  m_CorrespondingSourceObject: {fileID: 0}
  m_PrefabInstance: {fileID: 0}
  m_PrefabAsset: {fileID: 0}
  m_GameObject: {fileID: 1746409288729355348}
  m_LocalRotation: {x: 0.27766046, y: 0.014060033, z: -0.0040640933, w: 0.9605678}
  m_LocalPosition: {x: -1.0464449e-11, y: 0.13768266, z: -0.0000000022486755}
  m_LocalScale: {x: 1, y: 1, z: 1}
  m_Children:
  - {fileID: 4731586512243329148}
  m_Father: {fileID: 5874267121099736292}
  m_RootOrder: 0
  m_LocalEulerAnglesHint: {x: 0, y: 0, z: 0}
--- !u!1 &1796457471085219927
GameObject:
  m_ObjectHideFlags: 0
  m_CorrespondingSourceObject: {fileID: 0}
  m_PrefabInstance: {fileID: 0}
  m_PrefabAsset: {fileID: 0}
  serializedVersion: 6
  m_Component:
  - component: {fileID: 2350460003818201154}
  m_Layer: 0
  m_Name: mixamorig:RightArm
  m_TagString: Untagged
  m_Icon: {fileID: 0}
  m_NavMeshLayer: 0
  m_StaticEditorFlags: 0
  m_IsActive: 1
--- !u!4 &2350460003818201154
Transform:
  m_ObjectHideFlags: 0
  m_CorrespondingSourceObject: {fileID: 0}
  m_PrefabInstance: {fileID: 0}
  m_PrefabAsset: {fileID: 0}
  m_GameObject: {fileID: 1796457471085219927}
  m_LocalRotation: {x: 0.39706707, y: 0.13321309, z: 0.033317238, w: 0.9074591}
  m_LocalPosition: {x: 8.322093e-11, y: 0.11851937, z: -0.0000000024242421}
  m_LocalScale: {x: 1, y: 1, z: 1}
  m_Children:
  - {fileID: 7674287914629413840}
  m_Father: {fileID: 7899593804463030840}
  m_RootOrder: 0
  m_LocalEulerAnglesHint: {x: 0, y: 0, z: 0}
--- !u!1 &1867912060436280233
GameObject:
  m_ObjectHideFlags: 0
  m_CorrespondingSourceObject: {fileID: 0}
  m_PrefabInstance: {fileID: 0}
  m_PrefabAsset: {fileID: 0}
  serializedVersion: 6
  m_Component:
  - component: {fileID: 8227342698282637683}
  m_Layer: 0
  m_Name: mixamorig:RightHandRing3
  m_TagString: Untagged
  m_Icon: {fileID: 0}
  m_NavMeshLayer: 0
  m_StaticEditorFlags: 0
  m_IsActive: 1
--- !u!4 &8227342698282637683
Transform:
  m_ObjectHideFlags: 0
  m_CorrespondingSourceObject: {fileID: 0}
  m_PrefabInstance: {fileID: 0}
  m_PrefabAsset: {fileID: 0}
  m_GameObject: {fileID: 1867912060436280233}
  m_LocalRotation: {x: 0.16258167, y: -0.101323776, z: -0.054853905, w: 0.97994477}
  m_LocalPosition: {x: -0.00018634756, y: 0.024443658, z: -1.2144963e-10}
  m_LocalScale: {x: 1, y: 1, z: 1}
  m_Children:
  - {fileID: 8628127630114085400}
  m_Father: {fileID: 7884048015028369112}
  m_RootOrder: 0
  m_LocalEulerAnglesHint: {x: 0, y: 0, z: 0}
--- !u!1 &1990535478535887213
GameObject:
  m_ObjectHideFlags: 0
  m_CorrespondingSourceObject: {fileID: 0}
  m_PrefabInstance: {fileID: 0}
  m_PrefabAsset: {fileID: 0}
  serializedVersion: 6
  m_Component:
  - component: {fileID: 5906162985794311711}
  m_Layer: 0
  m_Name: mixamorig:LeftUpLeg
  m_TagString: Untagged
  m_Icon: {fileID: 0}
  m_NavMeshLayer: 0
  m_StaticEditorFlags: 0
  m_IsActive: 1
--- !u!4 &5906162985794311711
Transform:
  m_ObjectHideFlags: 0
  m_CorrespondingSourceObject: {fileID: 0}
  m_PrefabInstance: {fileID: 0}
  m_PrefabAsset: {fileID: 0}
  m_GameObject: {fileID: 1990535478535887213}
  m_LocalRotation: {x: -0.0627832, y: 0.079508975, z: 0.9915712, w: 0.08076676}
  m_LocalPosition: {x: -0.08937313, y: -0.046647012, z: 0.0059005227}
  m_LocalScale: {x: 1, y: 1, z: 1}
  m_Children:
  - {fileID: 2337955418916198510}
  m_Father: {fileID: 7755932283482952137}
  m_RootOrder: 0
  m_LocalEulerAnglesHint: {x: 0, y: 0, z: 0}
--- !u!1 &2003386938740599174
GameObject:
  m_ObjectHideFlags: 0
  m_CorrespondingSourceObject: {fileID: 0}
  m_PrefabInstance: {fileID: 0}
  m_PrefabAsset: {fileID: 0}
  serializedVersion: 6
  m_Component:
  - component: {fileID: 4019580381677493860}
  m_Layer: 0
  m_Name: mixamorig:LeftHandMiddle4
  m_TagString: Untagged
  m_Icon: {fileID: 0}
  m_NavMeshLayer: 0
  m_StaticEditorFlags: 0
  m_IsActive: 1
--- !u!4 &4019580381677493860
Transform:
  m_ObjectHideFlags: 0
  m_CorrespondingSourceObject: {fileID: 0}
  m_PrefabInstance: {fileID: 0}
  m_PrefabAsset: {fileID: 0}
  m_GameObject: {fileID: 2003386938740599174}
  m_LocalRotation: {x: 0, y: -0, z: -0, w: 1}
  m_LocalPosition: {x: 0.00026382843, y: 0.027797181, z: 4.5863405e-10}
  m_LocalScale: {x: 1, y: 1, z: 1}
  m_Children: []
  m_Father: {fileID: 7149321151656019046}
  m_RootOrder: 0
  m_LocalEulerAnglesHint: {x: 0, y: 0, z: 0}
--- !u!1 &2050740820681631485
GameObject:
  m_ObjectHideFlags: 0
  m_CorrespondingSourceObject: {fileID: 0}
  m_PrefabInstance: {fileID: 0}
  m_PrefabAsset: {fileID: 0}
  serializedVersion: 6
  m_Component:
  - component: {fileID: 5871074414535298057}
  m_Layer: 0
  m_Name: mixamorig:RightHandPinky1
  m_TagString: Untagged
  m_Icon: {fileID: 0}
  m_NavMeshLayer: 0
  m_StaticEditorFlags: 0
  m_IsActive: 1
--- !u!4 &5871074414535298057
Transform:
  m_ObjectHideFlags: 0
  m_CorrespondingSourceObject: {fileID: 0}
  m_PrefabInstance: {fileID: 0}
  m_PrefabAsset: {fileID: 0}
  m_GameObject: {fileID: 2050740820681631485}
  m_LocalRotation: {x: 0.117247544, y: -0.054355238, z: 0.039046668, w: 0.9908451}
  m_LocalPosition: {x: 0.026984885, y: 0.075444914, z: -0.005485474}
  m_LocalScale: {x: 1, y: 1, z: 1}
  m_Children:
  - {fileID: 1685753920626996259}
  m_Father: {fileID: 4299892811693270180}
  m_RootOrder: 2
  m_LocalEulerAnglesHint: {x: 0, y: 0, z: 0}
--- !u!1 &2386553576430213849
GameObject:
  m_ObjectHideFlags: 0
  m_CorrespondingSourceObject: {fileID: 0}
  m_PrefabInstance: {fileID: 0}
  m_PrefabAsset: {fileID: 0}
  serializedVersion: 6
  m_Component:
  - component: {fileID: 849127579720424734}
  m_Layer: 0
  m_Name: mixamorig:RightHandThumb3
  m_TagString: Untagged
  m_Icon: {fileID: 0}
  m_NavMeshLayer: 0
  m_StaticEditorFlags: 0
  m_IsActive: 1
--- !u!4 &849127579720424734
Transform:
  m_ObjectHideFlags: 0
  m_CorrespondingSourceObject: {fileID: 0}
  m_PrefabInstance: {fileID: 0}
  m_PrefabAsset: {fileID: 0}
  m_GameObject: {fileID: 2386553576430213849}
  m_LocalRotation: {x: 0.009285086, y: -0.0026589434, z: 0.06987764, w: 0.9975088}
  m_LocalPosition: {x: 0.0011033011, y: 0.027068561, z: -1.9227553e-10}
  m_LocalScale: {x: 1, y: 1, z: 1}
  m_Children:
  - {fileID: 6360911030665693466}
  m_Father: {fileID: 6924127719101709634}
  m_RootOrder: 0
  m_LocalEulerAnglesHint: {x: 0, y: 0, z: 0}
--- !u!1 &2444439521775453148
GameObject:
  m_ObjectHideFlags: 0
  m_CorrespondingSourceObject: {fileID: 0}
  m_PrefabInstance: {fileID: 0}
  m_PrefabAsset: {fileID: 0}
  serializedVersion: 6
  m_Component:
  - component: {fileID: 4665935780904423612}
  m_Layer: 0
  m_Name: mixamorig:LeftHandThumb3
  m_TagString: Untagged
  m_Icon: {fileID: 0}
  m_NavMeshLayer: 0
  m_StaticEditorFlags: 0
  m_IsActive: 1
--- !u!4 &4665935780904423612
Transform:
  m_ObjectHideFlags: 0
  m_CorrespondingSourceObject: {fileID: 0}
  m_PrefabInstance: {fileID: 0}
  m_PrefabAsset: {fileID: 0}
  m_GameObject: {fileID: 2444439521775453148}
  m_LocalRotation: {x: -0.01015124, y: 0.09134189, z: -0.006510919, w: 0.99574655}
  m_LocalPosition: {x: 0.00087706326, y: 0.032787003, z: 1.3191392e-10}
  m_LocalScale: {x: 1, y: 1, z: 1}
  m_Children:
  - {fileID: 8136529047877058206}
  m_Father: {fileID: 1827449450982205826}
  m_RootOrder: 0
  m_LocalEulerAnglesHint: {x: 0, y: 0, z: 0}
--- !u!1 &2686922258855845581
GameObject:
  m_ObjectHideFlags: 0
  m_CorrespondingSourceObject: {fileID: 0}
  m_PrefabInstance: {fileID: 0}
  m_PrefabAsset: {fileID: 0}
  serializedVersion: 6
  m_Component:
  - component: {fileID: 8320885462646053173}
  m_Layer: 0
  m_Name: mixamorig:LeftHandIndex1
  m_TagString: Untagged
  m_Icon: {fileID: 0}
  m_NavMeshLayer: 0
  m_StaticEditorFlags: 0
  m_IsActive: 1
--- !u!4 &8320885462646053173
Transform:
  m_ObjectHideFlags: 0
  m_CorrespondingSourceObject: {fileID: 0}
  m_PrefabInstance: {fileID: 0}
  m_PrefabAsset: {fileID: 0}
  m_GameObject: {fileID: 2686922258855845581}
  m_LocalRotation: {x: 0.079667814, y: 0.010968431, z: -0.045481473, w: 0.99572295}
  m_LocalPosition: {x: 0.027728127, y: 0.13671571, z: -0.002450185}
  m_LocalScale: {x: 1, y: 1, z: 1}
  m_Children:
  - {fileID: 3192443813614440822}
  m_Father: {fileID: 7137459443771658163}
  m_RootOrder: 0
  m_LocalEulerAnglesHint: {x: 0, y: 0, z: 0}
--- !u!1 &3033421439555243688
GameObject:
  m_ObjectHideFlags: 0
  m_CorrespondingSourceObject: {fileID: 0}
  m_PrefabInstance: {fileID: 0}
  m_PrefabAsset: {fileID: 0}
  serializedVersion: 6
  m_Component:
  - component: {fileID: 2587063431334101118}
  m_Layer: 0
  m_Name: mixamorig:RightToe_End
  m_TagString: Untagged
  m_Icon: {fileID: 0}
  m_NavMeshLayer: 0
  m_StaticEditorFlags: 0
  m_IsActive: 1
--- !u!4 &2587063431334101118
Transform:
  m_ObjectHideFlags: 0
  m_CorrespondingSourceObject: {fileID: 0}
  m_PrefabInstance: {fileID: 0}
  m_PrefabAsset: {fileID: 0}
  m_GameObject: {fileID: 3033421439555243688}
  m_LocalRotation: {x: 0, y: -0, z: -0, w: 1}
  m_LocalPosition: {x: -1.954234e-11, y: 0.048071127, z: 1.5001073e-11}
  m_LocalScale: {x: 1, y: 1, z: 1}
  m_Children: []
  m_Father: {fileID: 7723353752148641351}
  m_RootOrder: 0
  m_LocalEulerAnglesHint: {x: 0, y: 0, z: 0}
--- !u!1 &3121521177682906274
GameObject:
  m_ObjectHideFlags: 0
  m_CorrespondingSourceObject: {fileID: 0}
  m_PrefabInstance: {fileID: 0}
  m_PrefabAsset: {fileID: 0}
  serializedVersion: 6
  m_Component:
  - component: {fileID: 1260115510535759565}
  - component: {fileID: 4643794528388240693}
  m_Layer: 0
  m_Name: Object001
  m_TagString: Untagged
  m_Icon: {fileID: 0}
  m_NavMeshLayer: 0
  m_StaticEditorFlags: 0
  m_IsActive: 1
--- !u!4 &1260115510535759565
Transform:
  m_ObjectHideFlags: 0
  m_CorrespondingSourceObject: {fileID: 0}
  m_PrefabInstance: {fileID: 0}
  m_PrefabAsset: {fileID: 0}
  m_GameObject: {fileID: 3121521177682906274}
  m_LocalRotation: {x: -0.7071068, y: 0, z: -0, w: 0.7071068}
  m_LocalPosition: {x: -0, y: 0, z: 0}
  m_LocalScale: {x: 1, y: 1, z: 1}
  m_Children: []
  m_Father: {fileID: 7757196567258848256}
  m_RootOrder: 1
  m_LocalEulerAnglesHint: {x: 0, y: 0, z: 0}
--- !u!137 &4643794528388240693
SkinnedMeshRenderer:
  m_ObjectHideFlags: 0
  m_CorrespondingSourceObject: {fileID: 0}
  m_PrefabInstance: {fileID: 0}
  m_PrefabAsset: {fileID: 0}
  m_GameObject: {fileID: 3121521177682906274}
  m_Enabled: 1
  m_CastShadows: 1
  m_ReceiveShadows: 1
  m_DynamicOccludee: 1
  m_MotionVectors: 1
  m_LightProbeUsage: 0
  m_ReflectionProbeUsage: 1
  m_RenderingLayerMask: 1
  m_RendererPriority: 0
  m_Materials:
  - {fileID: 2100000, guid: fba9688ac1c86de40818eda8c46da689, type: 2}
  - {fileID: 2100000, guid: 5b9e5575a7d6fa249a5be5bc0899ae0d, type: 2}
  - {fileID: 2100000, guid: e8104e77b487b15419f9902135a73040, type: 2}
  m_StaticBatchInfo:
    firstSubMesh: 0
    subMeshCount: 0
  m_StaticBatchRoot: {fileID: 0}
  m_ProbeAnchor: {fileID: 0}
  m_LightProbeVolumeOverride: {fileID: 0}
  m_ScaleInLightmap: 1
  m_PreserveUVs: 0
  m_IgnoreNormalsForChartDetection: 0
  m_ImportantGI: 0
  m_StitchLightmapSeams: 0
  m_SelectedEditorRenderState: 3
  m_MinimumChartSize: 4
  m_AutoUVMaxDistance: 0.5
  m_AutoUVMaxAngle: 89
  m_LightmapParameters: {fileID: 0}
  m_SortingLayerID: 0
  m_SortingLayer: 0
  m_SortingOrder: 0
  serializedVersion: 2
  m_Quality: 0
  m_UpdateWhenOffscreen: 0
  m_SkinnedMotionVectors: 1
  m_Mesh: {fileID: 4300000, guid: 794641b6454d60248bd93747cb52f974, type: 3}
  m_Bones:
  - {fileID: 4231234773452615541}
  - {fileID: 7696712755586505650}
  - {fileID: 1547656990238915029}
  - {fileID: 377579551694026361}
  - {fileID: 5797760339379926012}
  - {fileID: 8947776408979889534}
  - {fileID: 7899593804463030840}
  - {fileID: 2350460003818201154}
  - {fileID: 5906162985794311711}
  - {fileID: 4215521066584796631}
  - {fileID: 7755932283482952137}
  - {fileID: 2337955418916198510}
  - {fileID: 5874267121099736292}
  - {fileID: 4209116758997087721}
  - {fileID: 2739784882189728951}
  - {fileID: 5962140796257996834}
  - {fileID: 7723353752148641351}
  - {fileID: 6367045247536276462}
  - {fileID: 6735512411592411174}
  - {fileID: 7137459443771658163}
  - {fileID: 589895803176170714}
  - {fileID: 6946050729420835305}
  - {fileID: 8320885462646053173}
  - {fileID: 2048166666544290924}
  - {fileID: 631339015649218573}
  - {fileID: 9216552210561984670}
  - {fileID: 4920653646005435832}
  - {fileID: 1827449450982205826}
  - {fileID: 3192443813614440822}
  - {fileID: 4665935780904423612}
  - {fileID: 9101273175472812901}
  - {fileID: 7149321151656019046}
  - {fileID: 1863458201748697719}
  - {fileID: 6709708462053685973}
  - {fileID: 1596470070009094355}
  - {fileID: 7674287914629413840}
  - {fileID: 4299892811693270180}
  - {fileID: 5871074414535298057}
  - {fileID: 3521691752084995556}
  - {fileID: 2944199349265328782}
  - {fileID: 434515771515466540}
  - {fileID: 2224669984247472240}
  - {fileID: 6335128141389205048}
  - {fileID: 6924127719101709634}
  - {fileID: 849127579720424734}
  - {fileID: 7257666292380524041}
  - {fileID: 1480369935904447123}
  - {fileID: 5346998718190483505}
  - {fileID: 7884048015028369112}
  - {fileID: 8227342698282637683}
  - {fileID: 1685753920626996259}
  - {fileID: 8022644864097884570}
  m_BlendShapeWeights: []
  m_RootBone: {fileID: 7755932283482952137}
  m_AABB:
    m_Center: {x: 0.02421832, y: -0.13012603, z: -0.029874519}
    m_Extent: {x: 0.3712954, y: 0.8925451, z: 0.31761026}
  m_DirtyAABB: 0
--- !u!1 &3194301514635913639
GameObject:
  m_ObjectHideFlags: 0
  m_CorrespondingSourceObject: {fileID: 0}
  m_PrefabInstance: {fileID: 0}
  m_PrefabAsset: {fileID: 0}
  serializedVersion: 6
  m_Component:
  - component: {fileID: 3521691752084995556}
  m_Layer: 0
  m_Name: mixamorig:RightHandThumb1
  m_TagString: Untagged
  m_Icon: {fileID: 0}
  m_NavMeshLayer: 0
  m_StaticEditorFlags: 0
  m_IsActive: 1
--- !u!4 &3521691752084995556
Transform:
  m_ObjectHideFlags: 0
  m_CorrespondingSourceObject: {fileID: 0}
  m_PrefabInstance: {fileID: 0}
  m_PrefabAsset: {fileID: 0}
  m_GameObject: {fileID: 3194301514635913639}
  m_LocalRotation: {x: 0.103830844, y: 0.057436008, z: 0.187218, w: 0.9751255}
  m_LocalPosition: {x: -0.022707734, y: 0.033561345, z: 0.0132765155}
  m_LocalScale: {x: 1, y: 1, z: 1}
  m_Children:
  - {fileID: 6924127719101709634}
  m_Father: {fileID: 4299892811693270180}
  m_RootOrder: 4
  m_LocalEulerAnglesHint: {x: 0, y: 0, z: 0}
--- !u!1 &3391443204196821856
GameObject:
  m_ObjectHideFlags: 0
  m_CorrespondingSourceObject: {fileID: 0}
  m_PrefabInstance: {fileID: 0}
  m_PrefabAsset: {fileID: 0}
  serializedVersion: 6
  m_Component:
  - component: {fileID: 6709708462053685973}
  m_Layer: 0
  m_Name: mixamorig:LeftHandRing3
  m_TagString: Untagged
  m_Icon: {fileID: 0}
  m_NavMeshLayer: 0
  m_StaticEditorFlags: 0
  m_IsActive: 1
--- !u!4 &6709708462053685973
Transform:
  m_ObjectHideFlags: 0
  m_CorrespondingSourceObject: {fileID: 0}
  m_PrefabInstance: {fileID: 0}
  m_PrefabAsset: {fileID: 0}
  m_GameObject: {fileID: 3391443204196821856}
  m_LocalRotation: {x: 0.2116341, y: 0.00038576967, z: 0.047109973, w: 0.97621286}
  m_LocalPosition: {x: -0.000041477553, y: 0.022536455, z: 3.135858e-10}
  m_LocalScale: {x: 1, y: 1, z: 1}
  m_Children:
  - {fileID: 5701985712820431912}
  m_Father: {fileID: 1863458201748697719}
  m_RootOrder: 0
  m_LocalEulerAnglesHint: {x: 0, y: 0, z: 0}
--- !u!1 &3415452695963305561
GameObject:
  m_ObjectHideFlags: 0
  m_CorrespondingSourceObject: {fileID: 0}
  m_PrefabInstance: {fileID: 0}
  m_PrefabAsset: {fileID: 0}
  serializedVersion: 6
  m_Component:
  - component: {fileID: 8947776408979889534}
  m_Layer: 0
  m_Name: mixamorig:LeftArm
  m_TagString: Untagged
  m_Icon: {fileID: 0}
  m_NavMeshLayer: 0
  m_StaticEditorFlags: 0
  m_IsActive: 1
--- !u!4 &8947776408979889534
Transform:
  m_ObjectHideFlags: 0
  m_CorrespondingSourceObject: {fileID: 0}
  m_PrefabInstance: {fileID: 0}
  m_PrefabAsset: {fileID: 0}
  m_GameObject: {fileID: 3415452695963305561}
  m_LocalRotation: {x: 0.48914656, y: -0.00019942096, z: -0.01570579, w: 0.8720602}
  m_LocalPosition: {x: 3.064765e-10, y: 0.11851938, z: -0.000000001657354}
  m_LocalScale: {x: 1, y: 1, z: 1}
  m_Children:
  - {fileID: 6735512411592411174}
  m_Father: {fileID: 377579551694026361}
  m_RootOrder: 0
  m_LocalEulerAnglesHint: {x: 0, y: 0, z: 0}
--- !u!1 &3450085473172391062
GameObject:
  m_ObjectHideFlags: 0
  m_CorrespondingSourceObject: {fileID: 0}
  m_PrefabInstance: {fileID: 0}
  m_PrefabAsset: {fileID: 0}
  serializedVersion: 6
  m_Component:
  - component: {fileID: 1863458201748697719}
  m_Layer: 0
  m_Name: mixamorig:LeftHandRing2
  m_TagString: Untagged
  m_Icon: {fileID: 0}
  m_NavMeshLayer: 0
  m_StaticEditorFlags: 0
  m_IsActive: 1
--- !u!4 &1863458201748697719
Transform:
  m_ObjectHideFlags: 0
  m_CorrespondingSourceObject: {fileID: 0}
  m_PrefabInstance: {fileID: 0}
  m_PrefabAsset: {fileID: 0}
  m_GameObject: {fileID: 3450085473172391062}
  m_LocalRotation: {x: 0.13888955, y: 0.00023306995, z: 0.028502317, w: 0.9898976}
  m_LocalPosition: {x: 0.0001613527, y: 0.02544299, z: -6.071299e-11}
  m_LocalScale: {x: 1, y: 1, z: 1}
  m_Children:
  - {fileID: 6709708462053685973}
  m_Father: {fileID: 2048166666544290924}
  m_RootOrder: 0
  m_LocalEulerAnglesHint: {x: 0, y: 0, z: 0}
--- !u!1 &3457444569275438384
GameObject:
  m_ObjectHideFlags: 0
  m_CorrespondingSourceObject: {fileID: 0}
  m_PrefabInstance: {fileID: 0}
  m_PrefabAsset: {fileID: 0}
  serializedVersion: 6
  m_Component:
  - component: {fileID: 9216552210561984670}
  m_Layer: 0
  m_Name: mixamorig:LeftHandPinky2
  m_TagString: Untagged
  m_Icon: {fileID: 0}
  m_NavMeshLayer: 0
  m_StaticEditorFlags: 0
  m_IsActive: 1
--- !u!4 &9216552210561984670
Transform:
  m_ObjectHideFlags: 0
  m_CorrespondingSourceObject: {fileID: 0}
  m_PrefabInstance: {fileID: 0}
  m_PrefabAsset: {fileID: 0}
  m_GameObject: {fileID: 3457444569275438384}
  m_LocalRotation: {x: 0.12332687, y: -0.0041990173, z: 0.0013212202, w: 0.99235636}
  m_LocalPosition: {x: -0.00023871122, y: 0.020137016, z: 3.674403e-10}
  m_LocalScale: {x: 1, y: 1, z: 1}
  m_Children:
  - {fileID: 1596470070009094355}
  m_Father: {fileID: 4920653646005435832}
  m_RootOrder: 0
  m_LocalEulerAnglesHint: {x: 0, y: 0, z: 0}
--- !u!1 &3767347532747560942
GameObject:
  m_ObjectHideFlags: 0
  m_CorrespondingSourceObject: {fileID: 0}
  m_PrefabInstance: {fileID: 0}
  m_PrefabAsset: {fileID: 0}
  serializedVersion: 6
  m_Component:
  - component: {fileID: 5797760339379926012}
  m_Layer: 0
  m_Name: mixamorig:Spine1
  m_TagString: Untagged
  m_Icon: {fileID: 0}
  m_NavMeshLayer: 0
  m_StaticEditorFlags: 0
  m_IsActive: 1
--- !u!4 &5797760339379926012
Transform:
  m_ObjectHideFlags: 0
  m_CorrespondingSourceObject: {fileID: 0}
  m_PrefabInstance: {fileID: 0}
  m_PrefabAsset: {fileID: 0}
  m_GameObject: {fileID: 3767347532747560942}
  m_LocalRotation: {x: 0.041692134, y: 0.0049194247, z: -0.006486116, w: 0.99909735}
  m_LocalPosition: {x: -0, y: 0.098304294, z: 3.38245e-11}
  m_LocalScale: {x: 1, y: 1, z: 1}
  m_Children:
  - {fileID: 1547656990238915029}
  m_Father: {fileID: 6367045247536276462}
  m_RootOrder: 0
  m_LocalEulerAnglesHint: {x: 0, y: 0, z: 0}
--- !u!1 &3975022706003316260
GameObject:
  m_ObjectHideFlags: 0
  m_CorrespondingSourceObject: {fileID: 0}
  m_PrefabInstance: {fileID: 0}
  m_PrefabAsset: {fileID: 0}
  serializedVersion: 6
  m_Component:
  - component: {fileID: 2489531675521108721}
  m_Layer: 0
  m_Name: mixamorig:LeftHandIndex4
  m_TagString: Untagged
  m_Icon: {fileID: 0}
  m_NavMeshLayer: 0
  m_StaticEditorFlags: 0
  m_IsActive: 1
--- !u!4 &2489531675521108721
Transform:
  m_ObjectHideFlags: 0
  m_CorrespondingSourceObject: {fileID: 0}
  m_PrefabInstance: {fileID: 0}
  m_PrefabAsset: {fileID: 0}
  m_GameObject: {fileID: 3975022706003316260}
  m_LocalRotation: {x: 0, y: -0, z: -0, w: 1}
  m_LocalPosition: {x: 0.00023049659, y: 0.021453189, z: -5.947426e-11}
  m_LocalScale: {x: 1, y: 1, z: 1}
  m_Children: []
  m_Father: {fileID: 9101273175472812901}
  m_RootOrder: 0
  m_LocalEulerAnglesHint: {x: 0, y: 0, z: 0}
--- !u!1 &4004455717821996023
GameObject:
  m_ObjectHideFlags: 0
  m_CorrespondingSourceObject: {fileID: 0}
  m_PrefabInstance: {fileID: 0}
  m_PrefabAsset: {fileID: 0}
  serializedVersion: 6
  m_Component:
  - component: {fileID: 377579551694026361}
  m_Layer: 0
  m_Name: mixamorig:LeftShoulder
  m_TagString: Untagged
  m_Icon: {fileID: 0}
  m_NavMeshLayer: 0
  m_StaticEditorFlags: 0
  m_IsActive: 1
--- !u!4 &377579551694026361
Transform:
  m_ObjectHideFlags: 0
  m_CorrespondingSourceObject: {fileID: 0}
  m_PrefabInstance: {fileID: 0}
  m_PrefabAsset: {fileID: 0}
  m_GameObject: {fileID: 4004455717821996023}
  m_LocalRotation: {x: 0.59982425, y: -0.39038765, z: 0.57743794, w: 0.3929043}
  m_LocalPosition: {x: -0.05505653, y: 0.10794978, z: -0.0060993247}
  m_LocalScale: {x: 1, y: 1, z: 1}
  m_Children:
  - {fileID: 8947776408979889534}
  m_Father: {fileID: 1547656990238915029}
  m_RootOrder: 0
  m_LocalEulerAnglesHint: {x: 0, y: 0, z: 0}
--- !u!1 &4021823264081102480
GameObject:
  m_ObjectHideFlags: 0
  m_CorrespondingSourceObject: {fileID: 0}
  m_PrefabInstance: {fileID: 0}
  m_PrefabAsset: {fileID: 0}
  serializedVersion: 6
  m_Component:
  - component: {fileID: 9101273175472812901}
  m_Layer: 0
  m_Name: mixamorig:LeftHandIndex3
  m_TagString: Untagged
  m_Icon: {fileID: 0}
  m_NavMeshLayer: 0
  m_StaticEditorFlags: 0
  m_IsActive: 1
--- !u!4 &9101273175472812901
Transform:
  m_ObjectHideFlags: 0
  m_CorrespondingSourceObject: {fileID: 0}
  m_PrefabInstance: {fileID: 0}
  m_PrefabAsset: {fileID: 0}
  m_GameObject: {fileID: 4021823264081102480}
  m_LocalRotation: {x: 0.13388115, y: -0.00064185035, z: 0.027877413, w: 0.99060506}
  m_LocalPosition: {x: 0.00007354579, y: 0.023720823, z: -5.7742144e-11}
  m_LocalScale: {x: 1, y: 1, z: 1}
  m_Children:
  - {fileID: 2489531675521108721}
  m_Father: {fileID: 3192443813614440822}
  m_RootOrder: 0
  m_LocalEulerAnglesHint: {x: 0, y: 0, z: 0}
--- !u!1 &4141614131241518010
GameObject:
  m_ObjectHideFlags: 0
  m_CorrespondingSourceObject: {fileID: 0}
  m_PrefabInstance: {fileID: 0}
  m_PrefabAsset: {fileID: 0}
  serializedVersion: 6
  m_Component:
  - component: {fileID: 2944199349265328782}
  m_Layer: 0
  m_Name: mixamorig:RightHandIndex1
  m_TagString: Untagged
  m_Icon: {fileID: 0}
  m_NavMeshLayer: 0
  m_StaticEditorFlags: 0
  m_IsActive: 1
--- !u!4 &2944199349265328782
Transform:
  m_ObjectHideFlags: 0
  m_CorrespondingSourceObject: {fileID: 0}
  m_PrefabInstance: {fileID: 0}
  m_PrefabAsset: {fileID: 0}
  m_GameObject: {fileID: 4141614131241518010}
  m_LocalRotation: {x: 0.17472428, y: -0.0007241037, z: 0.030712213, w: 0.9841381}
  m_LocalPosition: {x: -0.026356159, y: 0.08383716, z: -0.0026499417}
  m_LocalScale: {x: 1, y: 1, z: 1}
  m_Children:
  - {fileID: 7257666292380524041}
  m_Father: {fileID: 4299892811693270180}
  m_RootOrder: 0
  m_LocalEulerAnglesHint: {x: 0, y: 0, z: 0}
--- !u!1 &4223783923612187073
GameObject:
  m_ObjectHideFlags: 0
  m_CorrespondingSourceObject: {fileID: 0}
  m_PrefabInstance: {fileID: 0}
  m_PrefabAsset: {fileID: 0}
  serializedVersion: 6
  m_Component:
  - component: {fileID: 6360911030665693466}
  m_Layer: 0
  m_Name: mixamorig:RightHandThumb4
  m_TagString: Untagged
  m_Icon: {fileID: 0}
  m_NavMeshLayer: 0
  m_StaticEditorFlags: 0
  m_IsActive: 1
--- !u!4 &6360911030665693466
Transform:
  m_ObjectHideFlags: 0
  m_CorrespondingSourceObject: {fileID: 0}
  m_PrefabInstance: {fileID: 0}
  m_PrefabAsset: {fileID: 0}
  m_GameObject: {fileID: 4223783923612187073}
  m_LocalRotation: {x: 0, y: -0, z: -0, w: 1}
  m_LocalPosition: {x: 0.0018429242, y: 0.020504324, z: -4.785128e-10}
  m_LocalScale: {x: 1, y: 1, z: 1}
  m_Children: []
  m_Father: {fileID: 849127579720424734}
  m_RootOrder: 0
  m_LocalEulerAnglesHint: {x: 0, y: 0, z: 0}
--- !u!1 &4265561533653230794
GameObject:
  m_ObjectHideFlags: 0
  m_CorrespondingSourceObject: {fileID: 0}
  m_PrefabInstance: {fileID: 0}
  m_PrefabAsset: {fileID: 0}
  serializedVersion: 6
  m_Component:
  - component: {fileID: 6335128141389205048}
  m_Layer: 0
  m_Name: mixamorig:RightHandMiddle2
  m_TagString: Untagged
  m_Icon: {fileID: 0}
  m_NavMeshLayer: 0
  m_StaticEditorFlags: 0
  m_IsActive: 1
--- !u!4 &6335128141389205048
Transform:
  m_ObjectHideFlags: 0
  m_CorrespondingSourceObject: {fileID: 0}
  m_PrefabInstance: {fileID: 0}
  m_PrefabAsset: {fileID: 0}
  m_GameObject: {fileID: 4265561533653230794}
  m_LocalRotation: {x: 0.114912376, y: 0.00069406076, z: -0.03710732, w: 0.9926821}
  m_LocalPosition: {x: 0.0006706066, y: 0.031235231, z: -2.408841e-10}
  m_LocalScale: {x: 1, y: 1, z: 1}
  m_Children:
  - {fileID: 5346998718190483505}
  m_Father: {fileID: 434515771515466540}
  m_RootOrder: 0
  m_LocalEulerAnglesHint: {x: 0, y: 0, z: 0}
--- !u!1 &4390712632934334068
GameObject:
  m_ObjectHideFlags: 0
  m_CorrespondingSourceObject: {fileID: 0}
  m_PrefabInstance: {fileID: 0}
  m_PrefabAsset: {fileID: 0}
  serializedVersion: 6
  m_Component:
  - component: {fileID: 1827449450982205826}
  m_Layer: 0
  m_Name: mixamorig:LeftHandThumb2
  m_TagString: Untagged
  m_Icon: {fileID: 0}
  m_NavMeshLayer: 0
  m_StaticEditorFlags: 0
  m_IsActive: 1
--- !u!4 &1827449450982205826
Transform:
  m_ObjectHideFlags: 0
  m_CorrespondingSourceObject: {fileID: 0}
  m_PrefabInstance: {fileID: 0}
  m_PrefabAsset: {fileID: 0}
  m_GameObject: {fileID: 4390712632934334068}
  m_LocalRotation: {x: 0.000056088287, y: -0.0013809154, z: 0.10555369, w: 0.99441266}
  m_LocalPosition: {x: -0.0016960005, y: 0.04919996, z: -0.000000002665632}
  m_LocalScale: {x: 1, y: 1, z: 1}
  m_Children:
  - {fileID: 4665935780904423612}
  m_Father: {fileID: 589895803176170714}
  m_RootOrder: 0
  m_LocalEulerAnglesHint: {x: 0, y: 0, z: 0}
--- !u!1 &4475950401864082989
GameObject:
  m_ObjectHideFlags: 0
  m_CorrespondingSourceObject: {fileID: 0}
  m_PrefabInstance: {fileID: 0}
  m_PrefabAsset: {fileID: 0}
  serializedVersion: 6
  m_Component:
  - component: {fileID: 2224669984247472240}
  m_Layer: 0
  m_Name: mixamorig:RightHandRing1
  m_TagString: Untagged
  m_Icon: {fileID: 0}
  m_NavMeshLayer: 0
  m_StaticEditorFlags: 0
  m_IsActive: 1
--- !u!4 &2224669984247472240
Transform:
  m_ObjectHideFlags: 0
  m_CorrespondingSourceObject: {fileID: 0}
  m_PrefabInstance: {fileID: 0}
  m_PrefabAsset: {fileID: 0}
  m_GameObject: {fileID: 4475950401864082989}
  m_LocalRotation: {x: 0.1575697, y: -0.0046415795, z: 0.04109091, w: 0.9866417}
  m_LocalPosition: {x: 0.01040642, y: 0.08234481, z: -0.0011788947}
  m_LocalScale: {x: 1, y: 1, z: 1}
  m_Children:
  - {fileID: 7884048015028369112}
  m_Father: {fileID: 4299892811693270180}
  m_RootOrder: 3
  m_LocalEulerAnglesHint: {x: 0, y: 0, z: 0}
--- !u!1 &4631630332520633421
GameObject:
  m_ObjectHideFlags: 0
  m_CorrespondingSourceObject: {fileID: 0}
  m_PrefabInstance: {fileID: 0}
  m_PrefabAsset: {fileID: 0}
  serializedVersion: 6
  m_Component:
  - component: {fileID: 7149321151656019046}
  m_Layer: 0
  m_Name: mixamorig:LeftHandMiddle3
  m_TagString: Untagged
  m_Icon: {fileID: 0}
  m_NavMeshLayer: 0
  m_StaticEditorFlags: 0
  m_IsActive: 1
--- !u!4 &7149321151656019046
Transform:
  m_ObjectHideFlags: 0
  m_CorrespondingSourceObject: {fileID: 0}
  m_PrefabInstance: {fileID: 0}
  m_PrefabAsset: {fileID: 0}
  m_GameObject: {fileID: 4631630332520633421}
  m_LocalRotation: {x: 0.14561288, y: -0.00045816402, z: 0.03201463, w: 0.9888234}
  m_LocalPosition: {x: 0.0000900173, y: 0.029194461, z: 8.467074e-10}
  m_LocalScale: {x: 1, y: 1, z: 1}
  m_Children:
  - {fileID: 4019580381677493860}
  m_Father: {fileID: 631339015649218573}
  m_RootOrder: 0
  m_LocalEulerAnglesHint: {x: 0, y: 0, z: 0}
--- !u!1 &4939959647254831201
GameObject:
  m_ObjectHideFlags: 0
  m_CorrespondingSourceObject: {fileID: 0}
  m_PrefabInstance: {fileID: 0}
  m_PrefabAsset: {fileID: 0}
  serializedVersion: 6
  m_Component:
  - component: {fileID: 589895803176170714}
  m_Layer: 0
  m_Name: mixamorig:LeftHandThumb1
  m_TagString: Untagged
  m_Icon: {fileID: 0}
  m_NavMeshLayer: 0
  m_StaticEditorFlags: 0
  m_IsActive: 1
--- !u!4 &589895803176170714
Transform:
  m_ObjectHideFlags: 0
  m_CorrespondingSourceObject: {fileID: 0}
  m_PrefabInstance: {fileID: 0}
  m_PrefabAsset: {fileID: 0}
  m_GameObject: {fileID: 4939959647254831201}
  m_LocalRotation: {x: 0.10345538, y: -0.014779785, z: -0.20900613, w: 0.97231424}
  m_LocalPosition: {x: 0.021271648, y: 0.056472767, z: 0.012045172}
  m_LocalScale: {x: 1, y: 1, z: 1}
  m_Children:
  - {fileID: 1827449450982205826}
  m_Father: {fileID: 7137459443771658163}
  m_RootOrder: 4
  m_LocalEulerAnglesHint: {x: 0, y: 0, z: 0}
--- !u!1 &4965125080949956446
GameObject:
  m_ObjectHideFlags: 0
  m_CorrespondingSourceObject: {fileID: 0}
  m_PrefabInstance: {fileID: 0}
  m_PrefabAsset: {fileID: 0}
  serializedVersion: 6
  m_Component:
  - component: {fileID: 434515771515466540}
  m_Layer: 0
  m_Name: mixamorig:RightHandMiddle1
  m_TagString: Untagged
  m_Icon: {fileID: 0}
  m_NavMeshLayer: 0
  m_StaticEditorFlags: 0
  m_IsActive: 1
--- !u!4 &434515771515466540
Transform:
  m_ObjectHideFlags: 0
  m_CorrespondingSourceObject: {fileID: 0}
  m_PrefabInstance: {fileID: 0}
  m_PrefabAsset: {fileID: 0}
  m_GameObject: {fileID: 4965125080949956446}
  m_LocalRotation: {x: 0.103517175, y: -0.0066467845, z: 0.058953166, w: 0.9928568}
  m_LocalPosition: {x: -0.011035154, y: 0.07972435, z: -0.002088597}
  m_LocalScale: {x: 1, y: 1, z: 1}
  m_Children:
  - {fileID: 6335128141389205048}
  m_Father: {fileID: 4299892811693270180}
  m_RootOrder: 1
  m_LocalEulerAnglesHint: {x: 0, y: 0, z: 0}
--- !u!1 &5351358722930628195
GameObject:
  m_ObjectHideFlags: 0
  m_CorrespondingSourceObject: {fileID: 0}
  m_PrefabInstance: {fileID: 0}
  m_PrefabAsset: {fileID: 0}
  serializedVersion: 6
  m_Component:
  - component: {fileID: 5874267121099736292}
  m_Layer: 0
  m_Name: mixamorig:LeftFoot
  m_TagString: Untagged
  m_Icon: {fileID: 0}
  m_NavMeshLayer: 0
  m_StaticEditorFlags: 0
  m_IsActive: 1
--- !u!4 &5874267121099736292
Transform:
  m_ObjectHideFlags: 0
  m_CorrespondingSourceObject: {fileID: 0}
  m_PrefabInstance: {fileID: 0}
  m_PrefabAsset: {fileID: 0}
  m_GameObject: {fileID: 5351358722930628195}
  m_LocalRotation: {x: 0.5851495, y: 0.04398786, z: -0.014050478, w: 0.8096096}
  m_LocalPosition: {x: -3.0718217e-10, y: 0.43153122, z: 3.472337e-11}
  m_LocalScale: {x: 1, y: 1, z: 1}
  m_Children:
  - {fileID: 4209116758997087721}
  m_Father: {fileID: 2337955418916198510}
  m_RootOrder: 0
  m_LocalEulerAnglesHint: {x: 0, y: 0, z: 0}
--- !u!1 &5585146745727165951
GameObject:
  m_ObjectHideFlags: 0
  m_CorrespondingSourceObject: {fileID: 0}
  m_PrefabInstance: {fileID: 0}
  m_PrefabAsset: {fileID: 0}
  serializedVersion: 6
  m_Component:
  - component: {fileID: 4731586512243329148}
  m_Layer: 0
  m_Name: mixamorig:LeftToe_End
  m_TagString: Untagged
  m_Icon: {fileID: 0}
  m_NavMeshLayer: 0
  m_StaticEditorFlags: 0
  m_IsActive: 1
--- !u!4 &4731586512243329148
Transform:
  m_ObjectHideFlags: 0
  m_CorrespondingSourceObject: {fileID: 0}
  m_PrefabInstance: {fileID: 0}
  m_PrefabAsset: {fileID: 0}
  m_GameObject: {fileID: 5585146745727165951}
  m_LocalRotation: {x: 0, y: -0, z: -0, w: 1}
  m_LocalPosition: {x: -2.6216987e-11, y: 0.04840534, z: 5.4389302e-11}
  m_LocalScale: {x: 1, y: 1, z: 1}
  m_Children: []
  m_Father: {fileID: 4209116758997087721}
  m_RootOrder: 0
  m_LocalEulerAnglesHint: {x: 0, y: 0, z: 0}
--- !u!1 &5786897571473317098
GameObject:
  m_ObjectHideFlags: 0
  m_CorrespondingSourceObject: {fileID: 0}
  m_PrefabInstance: {fileID: 0}
  m_PrefabAsset: {fileID: 0}
  serializedVersion: 6
  m_Component:
  - component: {fileID: 7755932283482952137}
  m_Layer: 0
  m_Name: mixamorig:Hips
  m_TagString: Untagged
  m_Icon: {fileID: 0}
  m_NavMeshLayer: 0
  m_StaticEditorFlags: 0
  m_IsActive: 1
--- !u!4 &7755932283482952137
Transform:
  m_ObjectHideFlags: 0
  m_CorrespondingSourceObject: {fileID: 0}
  m_PrefabInstance: {fileID: 0}
  m_PrefabAsset: {fileID: 0}
  m_GameObject: {fileID: 5786897571473317098}
  m_LocalRotation: {x: -0.056151174, y: 0.020564198, z: 0.062783524, w: 0.9962341}
  m_LocalPosition: {x: -0.006627433, y: 0.9586139, z: 0.013466423}
  m_LocalScale: {x: 1, y: 1, z: 1}
  m_Children:
  - {fileID: 5906162985794311711}
  - {fileID: 4215521066584796631}
  - {fileID: 6367045247536276462}
  m_Father: {fileID: 7757196567258848256}
  m_RootOrder: 0
  m_LocalEulerAnglesHint: {x: 0, y: 0, z: 0}
--- !u!1 &5839430464378978051
GameObject:
  m_ObjectHideFlags: 0
  m_CorrespondingSourceObject: {fileID: 0}
  m_PrefabInstance: {fileID: 0}
  m_PrefabAsset: {fileID: 0}
  serializedVersion: 6
  m_Component:
  - component: {fileID: 1685753920626996259}
  m_Layer: 0
  m_Name: mixamorig:RightHandPinky2
  m_TagString: Untagged
  m_Icon: {fileID: 0}
  m_NavMeshLayer: 0
  m_StaticEditorFlags: 0
  m_IsActive: 1
--- !u!4 &1685753920626996259
Transform:
  m_ObjectHideFlags: 0
  m_CorrespondingSourceObject: {fileID: 0}
  m_PrefabInstance: {fileID: 0}
  m_PrefabAsset: {fileID: 0}
  m_GameObject: {fileID: 5839430464378978051}
  m_LocalRotation: {x: 0.12005798, y: -0.000048606067, z: -0.044359904, w: 0.99177533}
  m_LocalPosition: {x: 0.00017381804, y: 0.02083529, z: 2.1882346e-10}
  m_LocalScale: {x: 1, y: 1, z: 1}
  m_Children:
  - {fileID: 8022644864097884570}
  m_Father: {fileID: 5871074414535298057}
  m_RootOrder: 0
  m_LocalEulerAnglesHint: {x: 0, y: 0, z: 0}
--- !u!1 &6274528854951532796
GameObject:
  m_ObjectHideFlags: 0
  m_CorrespondingSourceObject: {fileID: 0}
  m_PrefabInstance: {fileID: 0}
  m_PrefabAsset: {fileID: 0}
  serializedVersion: 6
  m_Component:
  - component: {fileID: 5962140796257996834}
  m_Layer: 0
  m_Name: mixamorig:RightLeg
  m_TagString: Untagged
  m_Icon: {fileID: 0}
  m_NavMeshLayer: 0
  m_StaticEditorFlags: 0
  m_IsActive: 1
--- !u!4 &5962140796257996834
Transform:
  m_ObjectHideFlags: 0
  m_CorrespondingSourceObject: {fileID: 0}
  m_PrefabInstance: {fileID: 0}
  m_PrefabAsset: {fileID: 0}
  m_GameObject: {fileID: 6274528854951532796}
  m_LocalRotation: {x: -0.15835634, y: -0.044179354, z: 0.0152445035, w: 0.9862754}
  m_LocalPosition: {x: 1.4055028e-10, y: 0.42126942, z: 2.3884e-10}
  m_LocalScale: {x: 1, y: 1, z: 1}
  m_Children:
  - {fileID: 2739784882189728951}
  m_Father: {fileID: 4215521066584796631}
  m_RootOrder: 0
  m_LocalEulerAnglesHint: {x: 0, y: 0, z: 0}
--- !u!1 &6485248072605372809
GameObject:
  m_ObjectHideFlags: 0
  m_CorrespondingSourceObject: {fileID: 0}
  m_PrefabInstance: {fileID: 0}
  m_PrefabAsset: {fileID: 0}
  serializedVersion: 6
  m_Component:
  - component: {fileID: 5701985712820431912}
  m_Layer: 0
  m_Name: mixamorig:LeftHandRing4
  m_TagString: Untagged
  m_Icon: {fileID: 0}
  m_NavMeshLayer: 0
  m_StaticEditorFlags: 0
  m_IsActive: 1
--- !u!4 &5701985712820431912
Transform:
  m_ObjectHideFlags: 0
  m_CorrespondingSourceObject: {fileID: 0}
  m_PrefabInstance: {fileID: 0}
  m_PrefabAsset: {fileID: 0}
  m_GameObject: {fileID: 6485248072605372809}
  m_LocalRotation: {x: 0, y: -0, z: -0, w: 1}
  m_LocalPosition: {x: -0.000119876415, y: 0.020279907, z: 1.3331505e-10}
  m_LocalScale: {x: 1, y: 1, z: 1}
  m_Children: []
  m_Father: {fileID: 6709708462053685973}
  m_RootOrder: 0
  m_LocalEulerAnglesHint: {x: 0, y: 0, z: 0}
--- !u!1 &6611738940705858887
GameObject:
  m_ObjectHideFlags: 0
  m_CorrespondingSourceObject: {fileID: 0}
  m_PrefabInstance: {fileID: 0}
  m_PrefabAsset: {fileID: 0}
  serializedVersion: 6
  m_Component:
  - component: {fileID: 6081932734757814484}
  m_Layer: 0
  m_Name: mixamorig:RightHandMiddle4
  m_TagString: Untagged
  m_Icon: {fileID: 0}
  m_NavMeshLayer: 0
  m_StaticEditorFlags: 0
  m_IsActive: 1
--- !u!4 &6081932734757814484
Transform:
  m_ObjectHideFlags: 0
  m_CorrespondingSourceObject: {fileID: 0}
  m_PrefabInstance: {fileID: 0}
  m_PrefabAsset: {fileID: 0}
  m_GameObject: {fileID: 6611738940705858887}
  m_LocalRotation: {x: 0, y: -0, z: -0, w: 1}
  m_LocalPosition: {x: -0.0004724903, y: 0.028370887, z: -7.6751216e-11}
  m_LocalScale: {x: 1, y: 1, z: 1}
  m_Children: []
  m_Father: {fileID: 5346998718190483505}
  m_RootOrder: 0
  m_LocalEulerAnglesHint: {x: 0, y: 0, z: 0}
--- !u!1 &6890267707169675573
GameObject:
  m_ObjectHideFlags: 0
  m_CorrespondingSourceObject: {fileID: 0}
  m_PrefabInstance: {fileID: 0}
  m_PrefabAsset: {fileID: 0}
  serializedVersion: 6
  m_Component:
  - component: {fileID: 8136529047877058206}
  m_Layer: 0
  m_Name: mixamorig:LeftHandThumb4
  m_TagString: Untagged
  m_Icon: {fileID: 0}
  m_NavMeshLayer: 0
  m_StaticEditorFlags: 0
  m_IsActive: 1
--- !u!4 &8136529047877058206
Transform:
  m_ObjectHideFlags: 0
  m_CorrespondingSourceObject: {fileID: 0}
  m_PrefabInstance: {fileID: 0}
  m_PrefabAsset: {fileID: 0}
  m_GameObject: {fileID: 6890267707169675573}
  m_LocalRotation: {x: 0, y: -0, z: -0, w: 1}
  m_LocalPosition: {x: 0.0008189351, y: 0.023375541, z: -0.0000000018283817}
  m_LocalScale: {x: 1, y: 1, z: 1}
  m_Children: []
  m_Father: {fileID: 4665935780904423612}
  m_RootOrder: 0
  m_LocalEulerAnglesHint: {x: 0, y: 0, z: 0}
--- !u!1 &7130552952640716164
GameObject:
  m_ObjectHideFlags: 0
  m_CorrespondingSourceObject: {fileID: 0}
  m_PrefabInstance: {fileID: 0}
  m_PrefabAsset: {fileID: 0}
  serializedVersion: 6
  m_Component:
  - component: {fileID: 3192443813614440822}
  m_Layer: 0
  m_Name: mixamorig:LeftHandIndex2
  m_TagString: Untagged
  m_Icon: {fileID: 0}
  m_NavMeshLayer: 0
  m_StaticEditorFlags: 0
  m_IsActive: 1
--- !u!4 &3192443813614440822
Transform:
  m_ObjectHideFlags: 0
  m_CorrespondingSourceObject: {fileID: 0}
  m_PrefabInstance: {fileID: 0}
  m_PrefabAsset: {fileID: 0}
  m_GameObject: {fileID: 7130552952640716164}
  m_LocalRotation: {x: 0.110672295, y: 0.0000948998, z: 0.028910113, w: 0.9934364}
  m_LocalPosition: {x: -0.0003040421, y: 0.025456289, z: 1.1464385e-10}
  m_LocalScale: {x: 1, y: 1, z: 1}
  m_Children:
  - {fileID: 9101273175472812901}
  m_Father: {fileID: 8320885462646053173}
  m_RootOrder: 0
  m_LocalEulerAnglesHint: {x: 0, y: 0, z: 0}
--- !u!1 &7134423496506324480
GameObject:
  m_ObjectHideFlags: 0
  m_CorrespondingSourceObject: {fileID: 0}
  m_PrefabInstance: {fileID: 0}
  m_PrefabAsset: {fileID: 0}
  serializedVersion: 6
  m_Component:
  - component: {fileID: 5346998718190483505}
  m_Layer: 0
  m_Name: mixamorig:RightHandMiddle3
  m_TagString: Untagged
  m_Icon: {fileID: 0}
  m_NavMeshLayer: 0
  m_StaticEditorFlags: 0
  m_IsActive: 1
--- !u!4 &5346998718190483505
Transform:
  m_ObjectHideFlags: 0
  m_CorrespondingSourceObject: {fileID: 0}
  m_PrefabInstance: {fileID: 0}
  m_PrefabAsset: {fileID: 0}
  m_GameObject: {fileID: 7134423496506324480}
  m_LocalRotation: {x: 0.21658543, y: -0.034218103, z: -0.056757696, w: 0.97401154}
  m_LocalPosition: {x: -0.00019811814, y: 0.030021891, z: -2.8147928e-10}
  m_LocalScale: {x: 1, y: 1, z: 1}
  m_Children:
  - {fileID: 6081932734757814484}
  m_Father: {fileID: 6335128141389205048}
  m_RootOrder: 0
  m_LocalEulerAnglesHint: {x: 0, y: 0, z: 0}
--- !u!1 &7261349956967839828
GameObject:
  m_ObjectHideFlags: 0
  m_CorrespondingSourceObject: {fileID: 0}
  m_PrefabInstance: {fileID: 0}
  m_PrefabAsset: {fileID: 0}
  serializedVersion: 6
  m_Component:
  - component: {fileID: 2337955418916198510}
  m_Layer: 0
  m_Name: mixamorig:LeftLeg
  m_TagString: Untagged
  m_Icon: {fileID: 0}
  m_NavMeshLayer: 0
  m_StaticEditorFlags: 0
  m_IsActive: 1
--- !u!4 &2337955418916198510
Transform:
  m_ObjectHideFlags: 0
  m_CorrespondingSourceObject: {fileID: 0}
  m_PrefabInstance: {fileID: 0}
  m_PrefabAsset: {fileID: 0}
  m_GameObject: {fileID: 7261349956967839828}
  m_LocalRotation: {x: -0.28403956, y: 0.023721851, z: -0.01701087, w: 0.9583681}
  m_LocalPosition: {x: 1.4247636e-10, y: 0.42154986, z: -7.1548567e-10}
  m_LocalScale: {x: 1, y: 1, z: 1}
  m_Children:
  - {fileID: 5874267121099736292}
  m_Father: {fileID: 5906162985794311711}
  m_RootOrder: 0
  m_LocalEulerAnglesHint: {x: 0, y: 0, z: 0}
--- !u!1 &7483896189846551388
GameObject:
  m_ObjectHideFlags: 0
  m_CorrespondingSourceObject: {fileID: 0}
  m_PrefabInstance: {fileID: 0}
  m_PrefabAsset: {fileID: 0}
  serializedVersion: 6
  m_Component:
  - component: {fileID: 1547656990238915029}
  m_Layer: 0
  m_Name: mixamorig:Spine2
  m_TagString: Untagged
  m_Icon: {fileID: 0}
  m_NavMeshLayer: 0
  m_StaticEditorFlags: 0
  m_IsActive: 1
--- !u!4 &1547656990238915029
Transform:
  m_ObjectHideFlags: 0
  m_CorrespondingSourceObject: {fileID: 0}
  m_PrefabInstance: {fileID: 0}
  m_PrefabAsset: {fileID: 0}
  m_GameObject: {fileID: 7483896189846551388}
  m_LocalRotation: {x: 0.04188137, y: 0.004778559, z: -0.00635198, w: 0.99909097}
  m_LocalPosition: {x: -0, y: 0.11234777, z: -1.1089195e-10}
  m_LocalScale: {x: 1, y: 1, z: 1}
  m_Children:
  - {fileID: 377579551694026361}
  - {fileID: 7696712755586505650}
  - {fileID: 7899593804463030840}
  m_Father: {fileID: 5797760339379926012}
  m_RootOrder: 0
  m_LocalEulerAnglesHint: {x: 0, y: 0, z: 0}
--- !u!1 &7830422604878689148
GameObject:
  m_ObjectHideFlags: 0
  m_CorrespondingSourceObject: {fileID: 0}
  m_PrefabInstance: {fileID: 0}
  m_PrefabAsset: {fileID: 0}
  serializedVersion: 6
  m_Component:
  - component: {fileID: 6924127719101709634}
  m_Layer: 0
  m_Name: mixamorig:RightHandThumb2
  m_TagString: Untagged
  m_Icon: {fileID: 0}
  m_NavMeshLayer: 0
  m_StaticEditorFlags: 0
  m_IsActive: 1
--- !u!4 &6924127719101709634
Transform:
  m_ObjectHideFlags: 0
  m_CorrespondingSourceObject: {fileID: 0}
  m_PrefabInstance: {fileID: 0}
  m_PrefabAsset: {fileID: 0}
  m_GameObject: {fileID: 7830422604878689148}
  m_LocalRotation: {x: -0.029520728, y: -0.032400463, z: -0.13901113, w: 0.9893203}
  m_LocalPosition: {x: -0.0029462276, y: 0.033985447, z: 6.593095e-10}
  m_LocalScale: {x: 1, y: 1, z: 1}
  m_Children:
  - {fileID: 849127579720424734}
  m_Father: {fileID: 3521691752084995556}
  m_RootOrder: 0
  m_LocalEulerAnglesHint: {x: 0, y: 0, z: 0}
--- !u!1 &7843463356455308422
GameObject:
  m_ObjectHideFlags: 0
  m_CorrespondingSourceObject: {fileID: 0}
  m_PrefabInstance: {fileID: 0}
  m_PrefabAsset: {fileID: 0}
  serializedVersion: 6
  m_Component:
  - component: {fileID: 631339015649218573}
  m_Layer: 0
  m_Name: mixamorig:LeftHandMiddle2
  m_TagString: Untagged
  m_Icon: {fileID: 0}
  m_NavMeshLayer: 0
  m_StaticEditorFlags: 0
  m_IsActive: 1
--- !u!4 &631339015649218573
Transform:
  m_ObjectHideFlags: 0
  m_CorrespondingSourceObject: {fileID: 0}
  m_PrefabInstance: {fileID: 0}
  m_PrefabAsset: {fileID: 0}
  m_GameObject: {fileID: 7843463356455308422}
  m_LocalRotation: {x: 0.12207923, y: -0.00027640647, z: 0.0317977, w: 0.99201083}
  m_LocalPosition: {x: -0.00035384708, y: 0.031631194, z: 2.8477287e-10}
  m_LocalScale: {x: 1, y: 1, z: 1}
  m_Children:
  - {fileID: 7149321151656019046}
  m_Father: {fileID: 6946050729420835305}
  m_RootOrder: 0
  m_LocalEulerAnglesHint: {x: 0, y: 0, z: 0}
--- !u!1 &7943439343620496325
GameObject:
  m_ObjectHideFlags: 0
  m_CorrespondingSourceObject: {fileID: 0}
  m_PrefabInstance: {fileID: 0}
  m_PrefabAsset: {fileID: 0}
  serializedVersion: 6
  m_Component:
  - component: {fileID: 1480369935904447123}
  m_Layer: 0
  m_Name: mixamorig:RightHandIndex3
  m_TagString: Untagged
  m_Icon: {fileID: 0}
  m_NavMeshLayer: 0
  m_StaticEditorFlags: 0
  m_IsActive: 1
--- !u!4 &1480369935904447123
Transform:
  m_ObjectHideFlags: 0
  m_CorrespondingSourceObject: {fileID: 0}
  m_PrefabInstance: {fileID: 0}
  m_PrefabAsset: {fileID: 0}
  m_GameObject: {fileID: 7943439343620496325}
  m_LocalRotation: {x: 0.13098729, y: 0.0009992599, z: -0.031088024, w: 0.990896}
  m_LocalPosition: {x: -0.00010100952, y: 0.023652725, z: -1.0329426e-10}
  m_LocalScale: {x: 1, y: 1, z: 1}
  m_Children:
  - {fileID: 1467956127764983368}
  m_Father: {fileID: 7257666292380524041}
  m_RootOrder: 0
  m_LocalEulerAnglesHint: {x: 0, y: 0, z: 0}
--- !u!1 &7953128540319207818
GameObject:
  m_ObjectHideFlags: 0
  m_CorrespondingSourceObject: {fileID: 0}
  m_PrefabInstance: {fileID: 0}
  m_PrefabAsset: {fileID: 0}
  serializedVersion: 6
  m_Component:
  - component: {fileID: 2739784882189728951}
  m_Layer: 0
  m_Name: mixamorig:RightFoot
  m_TagString: Untagged
  m_Icon: {fileID: 0}
  m_NavMeshLayer: 0
  m_StaticEditorFlags: 0
  m_IsActive: 1
--- !u!4 &2739784882189728951
Transform:
  m_ObjectHideFlags: 0
  m_CorrespondingSourceObject: {fileID: 0}
  m_PrefabInstance: {fileID: 0}
  m_PrefabAsset: {fileID: 0}
  m_GameObject: {fileID: 7953128540319207818}
  m_LocalRotation: {x: 0.5324933, y: -0.01191191, z: 0.05032227, w: 0.8448531}
  m_LocalPosition: {x: 5.857921e-10, y: 0.43146944, z: 3.8215126e-12}
  m_LocalScale: {x: 1, y: 1, z: 1}
  m_Children:
  - {fileID: 7723353752148641351}
  m_Father: {fileID: 5962140796257996834}
  m_RootOrder: 0
  m_LocalEulerAnglesHint: {x: 0, y: 0, z: 0}
--- !u!1 &8293373769840445314
GameObject:
  m_ObjectHideFlags: 0
  m_CorrespondingSourceObject: {fileID: 0}
  m_PrefabInstance: {fileID: 0}
  m_PrefabAsset: {fileID: 0}
  serializedVersion: 6
  m_Component:
  - component: {fileID: 2075325999477246251}
  m_Layer: 0
  m_Name: mixamorig:HeadTop_End
  m_TagString: Untagged
  m_Icon: {fileID: 0}
  m_NavMeshLayer: 0
  m_StaticEditorFlags: 0
  m_IsActive: 1
--- !u!4 &2075325999477246251
Transform:
  m_ObjectHideFlags: 0
  m_CorrespondingSourceObject: {fileID: 0}
  m_PrefabInstance: {fileID: 0}
  m_PrefabAsset: {fileID: 0}
  m_GameObject: {fileID: 8293373769840445314}
  m_LocalRotation: {x: 0, y: -0, z: -0, w: 1}
  m_LocalPosition: {x: -0, y: 0.18308699, z: 0.028206421}
  m_LocalScale: {x: 1, y: 1, z: 1}
  m_Children: []
  m_Father: {fileID: 4231234773452615541}
  m_RootOrder: 0
  m_LocalEulerAnglesHint: {x: 0, y: 0, z: 0}
--- !u!1 &8358257248963226245
GameObject:
  m_ObjectHideFlags: 0
  m_CorrespondingSourceObject: {fileID: 0}
  m_PrefabInstance: {fileID: 0}
  m_PrefabAsset: {fileID: 0}
  serializedVersion: 6
  m_Component:
  - component: {fileID: 7899593804463030840}
  m_Layer: 0
  m_Name: mixamorig:RightShoulder
  m_TagString: Untagged
  m_Icon: {fileID: 0}
  m_NavMeshLayer: 0
  m_StaticEditorFlags: 0
  m_IsActive: 1
--- !u!4 &7899593804463030840
Transform:
  m_ObjectHideFlags: 0
  m_CorrespondingSourceObject: {fileID: 0}
  m_PrefabInstance: {fileID: 0}
  m_PrefabAsset: {fileID: 0}
  m_GameObject: {fileID: 8358257248963226245}
  m_LocalRotation: {x: 0.6624958, y: 0.33067438, z: -0.52971137, w: 0.41371447}
  m_LocalPosition: {x: 0.05505653, y: 0.10741362, z: 0.0041399575}
  m_LocalScale: {x: 1, y: 1, z: 1}
  m_Children:
  - {fileID: 2350460003818201154}
  m_Father: {fileID: 1547656990238915029}
  m_RootOrder: 2
  m_LocalEulerAnglesHint: {x: 0, y: 0, z: 0}
--- !u!1 &8360052280528850473
GameObject:
  m_ObjectHideFlags: 0
  m_CorrespondingSourceObject: {fileID: 0}
  m_PrefabInstance: {fileID: 0}
  m_PrefabAsset: {fileID: 0}
  serializedVersion: 6
  m_Component:
  - component: {fileID: 6663861723785674826}
  m_Layer: 0
  m_Name: mixamorig:LeftHandPinky4
  m_TagString: Untagged
  m_Icon: {fileID: 0}
  m_NavMeshLayer: 0
  m_StaticEditorFlags: 0
  m_IsActive: 1
--- !u!4 &6663861723785674826
Transform:
  m_ObjectHideFlags: 0
  m_CorrespondingSourceObject: {fileID: 0}
  m_PrefabInstance: {fileID: 0}
  m_PrefabAsset: {fileID: 0}
  m_GameObject: {fileID: 8360052280528850473}
  m_LocalRotation: {x: 0, y: -0, z: -0, w: 1}
  m_LocalPosition: {x: 0.00021437951, y: 0.013075638, z: -9.79711e-11}
  m_LocalScale: {x: 1, y: 1, z: 1}
  m_Children: []
  m_Father: {fileID: 1596470070009094355}
  m_RootOrder: 0
  m_LocalEulerAnglesHint: {x: 0, y: 0, z: 0}
--- !u!1 &8488627659927744092
GameObject:
  m_ObjectHideFlags: 0
  m_CorrespondingSourceObject: {fileID: 0}
  m_PrefabInstance: {fileID: 0}
  m_PrefabAsset: {fileID: 0}
  serializedVersion: 6
  m_Component:
  - component: {fileID: 7696712755586505650}
  m_Layer: 0
  m_Name: mixamorig:Neck
  m_TagString: Untagged
  m_Icon: {fileID: 0}
  m_NavMeshLayer: 0
  m_StaticEditorFlags: 0
  m_IsActive: 1
--- !u!4 &7696712755586505650
Transform:
  m_ObjectHideFlags: 0
  m_CorrespondingSourceObject: {fileID: 0}
  m_PrefabInstance: {fileID: 0}
  m_PrefabAsset: {fileID: 0}
  m_GameObject: {fileID: 8488627659927744092}
  m_LocalRotation: {x: 0.060328793, y: -0.0010699664, z: 0.033248425, w: 0.9976241}
  m_LocalPosition: {x: -0, y: 0.12639123, z: 0.000000004990513}
  m_LocalScale: {x: 1, y: 1, z: 1}
  m_Children:
  - {fileID: 4231234773452615541}
  m_Father: {fileID: 1547656990238915029}
  m_RootOrder: 1
  m_LocalEulerAnglesHint: {x: 0, y: 0, z: 0}
--- !u!1 &8698804525724453064
GameObject:
  m_ObjectHideFlags: 0
  m_CorrespondingSourceObject: {fileID: 0}
  m_PrefabInstance: {fileID: 0}
  m_PrefabAsset: {fileID: 0}
  serializedVersion: 6
  m_Component:
  - component: {fileID: 7674287914629413840}
  m_Layer: 0
  m_Name: mixamorig:RightForeArm
  m_TagString: Untagged
  m_Icon: {fileID: 0}
  m_NavMeshLayer: 0
  m_StaticEditorFlags: 0
  m_IsActive: 1
--- !u!4 &7674287914629413840
Transform:
  m_ObjectHideFlags: 0
  m_CorrespondingSourceObject: {fileID: 0}
  m_PrefabInstance: {fileID: 0}
  m_PrefabAsset: {fileID: 0}
  m_GameObject: {fileID: 8698804525724453064}
  m_LocalRotation: {x: 0.047794916, y: -0.33003128, z: 0.23077554, w: 0.9140775}
  m_LocalPosition: {x: -5.260046e-10, y: 0.22133733, z: 0.0000000022416273}
  m_LocalScale: {x: 1, y: 1, z: 1}
  m_Children:
  - {fileID: 4299892811693270180}
  m_Father: {fileID: 2350460003818201154}
  m_RootOrder: 0
  m_LocalEulerAnglesHint: {x: 0, y: 0, z: 0}
--- !u!1 &8709440156189189284
GameObject:
  m_ObjectHideFlags: 0
  m_CorrespondingSourceObject: {fileID: 0}
  m_PrefabInstance: {fileID: 0}
  m_PrefabAsset: {fileID: 0}
  serializedVersion: 6
  m_Component:
  - component: {fileID: 8628127630114085400}
  m_Layer: 0
  m_Name: mixamorig:RightHandRing4
  m_TagString: Untagged
  m_Icon: {fileID: 0}
  m_NavMeshLayer: 0
  m_StaticEditorFlags: 0
  m_IsActive: 1
--- !u!4 &8628127630114085400
Transform:
  m_ObjectHideFlags: 0
  m_CorrespondingSourceObject: {fileID: 0}
  m_PrefabInstance: {fileID: 0}
  m_PrefabAsset: {fileID: 0}
  m_GameObject: {fileID: 8709440156189189284}
  m_LocalRotation: {x: 0, y: -0, z: -0, w: 1}
  m_LocalPosition: {x: -0.00025954033, y: 0.022400554, z: -1.5430615e-10}
  m_LocalScale: {x: 1, y: 1, z: 1}
  m_Children: []
  m_Father: {fileID: 8227342698282637683}
  m_RootOrder: 0
  m_LocalEulerAnglesHint: {x: 0, y: 0, z: 0}
--- !u!1 &8718249244821156674
GameObject:
  m_ObjectHideFlags: 0
  m_CorrespondingSourceObject: {fileID: 0}
  m_PrefabInstance: {fileID: 0}
  m_PrefabAsset: {fileID: 0}
  serializedVersion: 6
  m_Component:
  - component: {fileID: 4215521066584796631}
  m_Layer: 0
  m_Name: mixamorig:RightUpLeg
  m_TagString: Untagged
  m_Icon: {fileID: 0}
  m_NavMeshLayer: 0
  m_StaticEditorFlags: 0
  m_IsActive: 1
--- !u!4 &4215521066584796631
Transform:
  m_ObjectHideFlags: 0
  m_CorrespondingSourceObject: {fileID: 0}
  m_PrefabInstance: {fileID: 0}
  m_PrefabAsset: {fileID: 0}
  m_GameObject: {fileID: 8718249244821156674}
  m_LocalRotation: {x: 0.060381893, y: -0.0035114265, z: 0.99390763, w: 0.09213789}
  m_LocalPosition: {x: 0.08937313, y: -0.046647012, z: 0.004119588}
  m_LocalScale: {x: 1, y: 1, z: 1}
  m_Children:
  - {fileID: 5962140796257996834}
  m_Father: {fileID: 7755932283482952137}
  m_RootOrder: 1
  m_LocalEulerAnglesHint: {x: 0, y: 0, z: 0}
--- !u!1 &9097115528158135740
GameObject:
  m_ObjectHideFlags: 0
  m_CorrespondingSourceObject: {fileID: 0}
  m_PrefabInstance: {fileID: 0}
  m_PrefabAsset: {fileID: 0}
  serializedVersion: 6
  m_Component:
  - component: {fileID: 8022644864097884570}
  m_Layer: 0
  m_Name: mixamorig:RightHandPinky3
  m_TagString: Untagged
  m_Icon: {fileID: 0}
  m_NavMeshLayer: 0
  m_StaticEditorFlags: 0
  m_IsActive: 1
--- !u!4 &8022644864097884570
Transform:
  m_ObjectHideFlags: 0
  m_CorrespondingSourceObject: {fileID: 0}
  m_PrefabInstance: {fileID: 0}
  m_PrefabAsset: {fileID: 0}
  m_GameObject: {fileID: 9097115528158135740}
  m_LocalRotation: {x: 0.18492164, y: 0.0011275678, z: -0.057182036, w: 0.9810876}
  m_LocalPosition: {x: -0.00005574114, y: 0.01706788, z: 1.7161245e-10}
  m_LocalScale: {x: 1, y: 1, z: 1}
  m_Children:
  - {fileID: 8812556339147267542}
  m_Father: {fileID: 1685753920626996259}
  m_RootOrder: 0
  m_LocalEulerAnglesHint: {x: 0, y: 0, z: 0}
--- !u!1 &9108992231581731635
GameObject:
  m_ObjectHideFlags: 0
  m_CorrespondingSourceObject: {fileID: 0}
  m_PrefabInstance: {fileID: 0}
  m_PrefabAsset: {fileID: 0}
  serializedVersion: 6
  m_Component:
  - component: {fileID: 4231234773452615541}
  m_Layer: 0
  m_Name: mixamorig:Head
  m_TagString: Untagged
  m_Icon: {fileID: 0}
  m_NavMeshLayer: 0
  m_StaticEditorFlags: 0
  m_IsActive: 1
--- !u!4 &4231234773452615541
Transform:
  m_ObjectHideFlags: 0
  m_CorrespondingSourceObject: {fileID: 0}
  m_PrefabInstance: {fileID: 0}
  m_PrefabAsset: {fileID: 0}
  m_GameObject: {fileID: 9108992231581731635}
  m_LocalRotation: {x: -0.14040554, y: 0.0023019721, z: -0.0070843385, w: 0.99006605}
  m_LocalPosition: {x: -0, y: 0.12050164, z: 0.018564515}
  m_LocalScale: {x: 1, y: 1, z: 1}
  m_Children:
  - {fileID: 2075325999477246251}
  m_Father: {fileID: 7696712755586505650}
  m_RootOrder: 0
  m_LocalEulerAnglesHint: {x: 0, y: 0, z: 0}
--- !u!1 &9127356812767117461
GameObject:
  m_ObjectHideFlags: 0
  m_CorrespondingSourceObject: {fileID: 0}
  m_PrefabInstance: {fileID: 0}
  m_PrefabAsset: {fileID: 0}
  serializedVersion: 6
  m_Component:
  - component: {fileID: 7257666292380524041}
  m_Layer: 0
  m_Name: mixamorig:RightHandIndex2
  m_TagString: Untagged
  m_Icon: {fileID: 0}
  m_NavMeshLayer: 0
  m_StaticEditorFlags: 0
  m_IsActive: 1
--- !u!4 &7257666292380524041
Transform:
  m_ObjectHideFlags: 0
  m_CorrespondingSourceObject: {fileID: 0}
  m_PrefabInstance: {fileID: 0}
  m_PrefabAsset: {fileID: 0}
  m_GameObject: {fileID: 9127356812767117461}
  m_LocalRotation: {x: 0.08861086, y: -0.00009350467, z: -0.02791932, w: 0.99567497}
  m_LocalPosition: {x: 0.00035308843, y: 0.024608154, z: 3.5253012e-10}
  m_LocalScale: {x: 1, y: 1, z: 1}
  m_Children:
  - {fileID: 1480369935904447123}
  m_Father: {fileID: 2944199349265328782}
  m_RootOrder: 0
  m_LocalEulerAnglesHint: {x: 0, y: 0, z: 0}
