%YAML 1.1
%TAG !u! tag:unity3d.com,2011:
--- !u!1 &2644542601907329619
GameObject:
  m_ObjectHideFlags: 0
  m_CorrespondingSourceObject: {fileID: 0}
  m_PrefabInstance: {fileID: 0}
  m_PrefabAsset: {fileID: 0}
  serializedVersion: 6
  m_Component:
  - component: {fileID: 2644542601907329620}
  - component: {fileID: 2644542601907329621}
  m_Layer: 0
  m_Name: QuestManager
  m_TagString: Untagged
  m_Icon: {fileID: 0}
  m_NavMeshLayer: 0
  m_StaticEditorFlags: 0
  m_IsActive: 1
--- !u!4 &2644542601907329620
Transform:
  m_ObjectHideFlags: 0
  m_CorrespondingSourceObject: {fileID: 0}
  m_PrefabInstance: {fileID: 0}
  m_PrefabAsset: {fileID: 0}
  m_GameObject: {fileID: 2644542601907329619}
  m_LocalRotation: {x: -0, y: -0, z: -0, w: 1}
  m_LocalPosition: {x: -52.35681, y: -293.07782, z: 0}
  m_LocalScale: {x: 1, y: 1, z: 1}
  m_Children: []
  m_Father: {fileID: 2644542602740862097}
  m_RootOrder: 2
  m_LocalEulerAnglesHint: {x: 0, y: 0, z: 0}
--- !u!114 &2644542601907329621
MonoBehaviour:
  m_ObjectHideFlags: 0
  m_CorrespondingSourceObject: {fileID: 0}
  m_PrefabInstance: {fileID: 0}
  m_PrefabAsset: {fileID: 0}
  m_GameObject: {fileID: 2644542601907329619}
  m_Enabled: 1
  m_EditorHideFlags: 0
  m_Script: {fileID: 11500000, guid: 5159624166e9f914b8daee307733aac9, type: 3}
  m_Name: 
  m_EditorClassIdentifier: 
  serializationData:
    SerializedFormat: 2
    SerializedBytes: 
    ReferencedUnityObjects: []
    SerializedBytesString: 
    Prefab: {fileID: 0}
    PrefabModificationsReferencedUnityObjects: []
    PrefabModifications: []
    SerializationNodes: []
  m_questPrefab: {fileID: 1088070940321155650, guid: f29c3177fbc9418459720eeeadb09a81,
    type: 3}
--- !u!1 &2644542602076300036
GameObject:
  m_ObjectHideFlags: 0
  m_CorrespondingSourceObject: {fileID: 0}
  m_PrefabInstance: {fileID: 0}
  m_PrefabAsset: {fileID: 0}
  serializedVersion: 6
  m_Component:
  - component: {fileID: 2644542602076300037}
  - component: {fileID: 2644542602076300038}
  m_Layer: 0
  m_Name: CommunicationManager
  m_TagString: Untagged
  m_Icon: {fileID: 0}
  m_NavMeshLayer: 0
  m_StaticEditorFlags: 0
  m_IsActive: 1
--- !u!4 &2644542602076300037
Transform:
  m_ObjectHideFlags: 0
  m_CorrespondingSourceObject: {fileID: 0}
  m_PrefabInstance: {fileID: 0}
  m_PrefabAsset: {fileID: 0}
  m_GameObject: {fileID: 2644542602076300036}
  m_LocalRotation: {x: -0, y: -0, z: -0, w: 1}
  m_LocalPosition: {x: 0, y: 0, z: 0}
  m_LocalScale: {x: 1, y: 1, z: 1}
  m_Children: []
  m_Father: {fileID: 2644542602740862097}
  m_RootOrder: 3
  m_LocalEulerAnglesHint: {x: 0, y: 0, z: 0}
--- !u!114 &2644542602076300038
MonoBehaviour:
  m_ObjectHideFlags: 0
  m_CorrespondingSourceObject: {fileID: 0}
  m_PrefabInstance: {fileID: 0}
  m_PrefabAsset: {fileID: 0}
  m_GameObject: {fileID: 2644542602076300036}
  m_Enabled: 1
  m_EditorHideFlags: 0
  m_Script: {fileID: 11500000, guid: 6465f1abcdb066043bbdf4224263c964, type: 3}
  m_Name: 
  m_EditorClassIdentifier: 
  outlets:
  - {fileID: 0}
  m_pingPrefab: {fileID: 1927409884638852757, guid: da411e78e351cb44eb07a4e094e0e427,
    type: 3}
  m_pingDuration: 3
--- !u!1 &2644542602225208583
GameObject:
  m_ObjectHideFlags: 0
  m_CorrespondingSourceObject: {fileID: 0}
  m_PrefabInstance: {fileID: 0}
  m_PrefabAsset: {fileID: 0}
  serializedVersion: 6
  m_Component:
  - component: {fileID: 2644542602225208601}
  - component: {fileID: 2644542602225208600}
  m_Layer: 0
  m_Name: UserManager
  m_TagString: Untagged
  m_Icon: {fileID: 0}
  m_NavMeshLayer: 0
  m_StaticEditorFlags: 0
  m_IsActive: 1
--- !u!4 &2644542602225208601
Transform:
  m_ObjectHideFlags: 0
  m_CorrespondingSourceObject: {fileID: 0}
  m_PrefabInstance: {fileID: 0}
  m_PrefabAsset: {fileID: 0}
  m_GameObject: {fileID: 2644542602225208583}
  m_LocalRotation: {x: -0, y: -0, z: -0, w: 1}
  m_LocalPosition: {x: -52.35681, y: -293.07782, z: 0}
  m_LocalScale: {x: 1, y: 1, z: 1}
  m_Children: []
  m_Father: {fileID: 2644542602740862097}
  m_RootOrder: 0
  m_LocalEulerAnglesHint: {x: 0, y: 0, z: 0}
--- !u!114 &2644542602225208600
MonoBehaviour:
  m_ObjectHideFlags: 0
  m_CorrespondingSourceObject: {fileID: 0}
  m_PrefabInstance: {fileID: 0}
  m_PrefabAsset: {fileID: 0}
  m_GameObject: {fileID: 2644542602225208583}
  m_Enabled: 1
  m_EditorHideFlags: 0
  m_Script: {fileID: 11500000, guid: 872aff719eda49c42996d8288ae51a75, type: 3}
  m_Name: 
  m_EditorClassIdentifier: 
  infos:
  - {fileID: 11400000, guid: 9cd3486926b9dfd44865365458ae9f37, type: 2}
  - {fileID: 11400000, guid: cb73a5c7a7015854baf23ee23991e4b3, type: 2}
  - {fileID: 11400000, guid: 2ff1021dff5b2ea48ba9ba3cde05d810, type: 2}
--- !u!1 &2644542602547568724
GameObject:
  m_ObjectHideFlags: 0
  m_CorrespondingSourceObject: {fileID: 0}
  m_PrefabInstance: {fileID: 0}
  m_PrefabAsset: {fileID: 0}
  serializedVersion: 6
  m_Component:
  - component: {fileID: 2644542602547568726}
  - component: {fileID: 2644542602547568725}
  m_Layer: 0
  m_Name: SessionManager
  m_TagString: Untagged
  m_Icon: {fileID: 0}
  m_NavMeshLayer: 0
  m_StaticEditorFlags: 0
  m_IsActive: 1
--- !u!4 &2644542602547568726
Transform:
  m_ObjectHideFlags: 0
  m_CorrespondingSourceObject: {fileID: 0}
  m_PrefabInstance: {fileID: 0}
  m_PrefabAsset: {fileID: 0}
  m_GameObject: {fileID: 2644542602547568724}
  m_LocalRotation: {x: -0, y: -0, z: -0, w: 1}
  m_LocalPosition: {x: -52.35681, y: -293.07782, z: 0}
  m_LocalScale: {x: 1, y: 1, z: 1}
  m_Children: []
  m_Father: {fileID: 2644542602740862097}
  m_RootOrder: 1
  m_LocalEulerAnglesHint: {x: 0, y: 0, z: 0}
--- !u!114 &2644542602547568725
MonoBehaviour:
  m_ObjectHideFlags: 0
  m_CorrespondingSourceObject: {fileID: 0}
  m_PrefabInstance: {fileID: 0}
  m_PrefabAsset: {fileID: 0}
  m_GameObject: {fileID: 2644542602547568724}
  m_Enabled: 1
  m_EditorHideFlags: 0
  m_Script: {fileID: 11500000, guid: 5a7778b1e821fa74492e87baa36db96a, type: 3}
  m_Name: 
  m_EditorClassIdentifier: 
  serializationData:
    SerializedFormat: 2
    SerializedBytes: 
    ReferencedUnityObjects:
    - {fileID: 11400000, guid: 859da231f9325de448b528e80371cdee, type: 2}
    - {fileID: 11400000, guid: 0cbe375ecdc26164fb2dc773fdaaa029, type: 2}
    - {fileID: 11400000, guid: dc149a555b2576144b94bddafb28cc2a, type: 2}
    SerializedBytesString: 
    Prefab: {fileID: 0}
    PrefabModificationsReferencedUnityObjects: []
    PrefabModifications: []
    SerializationNodes:
    - Name: infos
      Entry: 7
      Data: 0|System.Collections.Generic.Dictionary`2[[UserInfo, Assembly-CSharp],[UnityEngine.Events.UnityEvent,
        UnityEngine.CoreModule]], mscorlib
    - Name: comparer
      Entry: 7
      Data: 1|System.Collections.Generic.ObjectEqualityComparer`1[[UserInfo, Assembly-CSharp]],
        mscorlib
    - Name: 
      Entry: 8
      Data: 
    - Name: 
      Entry: 12
      Data: 3
    - Name: 
      Entry: 7
      Data: 
    - Name: 
      Entry: 10
      Data: 0
    - Name: 
      Entry: 6
      Data: 
    - Name: 
      Entry: 8
      Data: 
    - Name: 
      Entry: 7
      Data: 
    - Name: 
      Entry: 10
      Data: 1
    - Name: 
      Entry: 6
      Data: 
    - Name: 
      Entry: 8
      Data: 
    - Name: 
      Entry: 7
      Data: 
    - Name: 
      Entry: 10
      Data: 2
    - Name: 
      Entry: 6
      Data: 
    - Name: 
      Entry: 8
      Data: 
    - Name: 
      Entry: 13
      Data: 
    - Name: 
      Entry: 8
      Data: 
--- !u!1 &2644542602740862096
GameObject:
  m_ObjectHideFlags: 0
  m_CorrespondingSourceObject: {fileID: 0}
  m_PrefabInstance: {fileID: 0}
  m_PrefabAsset: {fileID: 0}
  serializedVersion: 6
  m_Component:
  - component: {fileID: 2644542602740862097}
  m_Layer: 0
  m_Name: Supervision
  m_TagString: Untagged
  m_Icon: {fileID: 0}
  m_NavMeshLayer: 0
  m_StaticEditorFlags: 0
  m_IsActive: 1
--- !u!4 &2644542602740862097
Transform:
  m_ObjectHideFlags: 0
  m_CorrespondingSourceObject: {fileID: 0}
  m_PrefabInstance: {fileID: 0}
  m_PrefabAsset: {fileID: 0}
  m_GameObject: {fileID: 2644542602740862096}
  m_LocalRotation: {x: 0, y: 0, z: 0, w: 1}
  m_LocalPosition: {x: 0, y: 0, z: 0}
  m_LocalScale: {x: 1, y: 1, z: 1}
  m_Children:
  - {fileID: 2644542602225208601}
  - {fileID: 2644542602547568726}
  - {fileID: 2644542601907329620}
  - {fileID: 2644542602076300037}
  m_Father: {fileID: 0}
  m_RootOrder: 0
  m_LocalEulerAnglesHint: {x: 0, y: 0, z: 0}
