%YAML 1.1
%TAG !u! tag:unity3d.com,2011:
--- !u!1 &6308858079784978669
GameObject:
  m_ObjectHideFlags: 0
  m_CorrespondingSourceObject: {fileID: 0}
  m_PrefabInstance: {fileID: 0}
  m_PrefabAsset: {fileID: 0}
  serializedVersion: 6
  m_Component:
  - component: {fileID: 6308858079967688331}
  - component: {fileID: 6308858079784978667}
  - component: {fileID: 6308858079784978666}
  m_Layer: 9
  m_Name: TakeAbleItem
  m_TagString: Untagged
  m_Icon: {fileID: 0}
  m_NavMeshLayer: 0
  m_StaticEditorFlags: 0
  m_IsActive: 1
--- !u!4 &6308858079967688331
Transform:
  m_ObjectHideFlags: 0
  m_CorrespondingSourceObject: {fileID: 0}
  m_PrefabInstance: {fileID: 0}
  m_PrefabAsset: {fileID: 0}
  m_GameObject: {fileID: 6308858079784978669}
  m_LocalRotation: {x: -0, y: -0, z: -0, w: 1}
  m_LocalPosition: {x: 38.96, y: 0.94799995, z: -18.56}
  m_LocalScale: {x: 1, y: 1, z: 1}
  m_Children:
  - {fileID: 5983058029504253302}
  m_Father: {fileID: 0}
  m_RootOrder: 0
  m_LocalEulerAnglesHint: {x: 0, y: 0, z: 0}
--- !u!114 &6308858079784978667
MonoBehaviour:
  m_ObjectHideFlags: 0
  m_CorrespondingSourceObject: {fileID: 0}
  m_PrefabInstance: {fileID: 0}
  m_PrefabAsset: {fileID: 0}
  m_GameObject: {fileID: 6308858079784978669}
  m_Enabled: 1
  m_EditorHideFlags: 0
  m_Script: {fileID: 11500000, guid: 059d4894d1d4d9f45b2cb708612d8e50, type: 3}
  m_Name: 
  m_EditorClassIdentifier: 
  m_Item: {fileID: 11400000, guid: 75d23304f5829ab418196423e3195e18, type: 2}
  m_UIResizer: {fileID: 4820462883844988748}
  m_Text: {fileID: 7656645816422942458}
  m_OnTake:
    m_PersistentCalls:
      m_Calls: []
    m_TypeName: UnityEngine.Events.UnityEvent, UnityEngine.CoreModule, Version=0.0.0.0,
      Culture=neutral, PublicKeyToken=null
  m_CanTake: 1
--- !u!114 &6308858079784978666
MonoBehaviour:
  m_ObjectHideFlags: 0
  m_CorrespondingSourceObject: {fileID: 0}
  m_PrefabInstance: {fileID: 0}
  m_PrefabAsset: {fileID: 0}
  m_GameObject: {fileID: 6308858079784978669}
  m_Enabled: 1
  m_EditorHideFlags: 0
  m_Script: {fileID: 11500000, guid: 1af9101bdaee6ee43822661df0a96d09, type: 3}
  m_Name: 
  m_EditorClassIdentifier: 
  isMaxed: 1
  m_Duration: 0.5
  m_EaseGrow: 2
  m_EaseShrink: 3
  m_MinSize: {x: 0, y: 0, z: 0}
  m_MaxSize: {x: 1, y: 1, z: 1}
  SizeStateAtStart: 2
  PlayAtStart: 0
  DelayAtStart: 0
  m_IsMaxSizeReinitAtAwake: 1
--- !u!1001 &4439295923975337385
PrefabInstance:
  m_ObjectHideFlags: 0
  serializedVersion: 2
  m_Modification:
    m_TransformParent: {fileID: 6308858079967688331}
    m_Modifications:
    - target: {fileID: 7969429407113761559, guid: 4768fde9bc539fa45ba37534f3ae9789,
        type: 3}
      propertyPath: m_Name
      value: UI
      objectReference: {fileID: 0}
    - target: {fileID: 7967883188632942815, guid: 4768fde9bc539fa45ba37534f3ae9789,
        type: 3}
      propertyPath: m_LocalPosition.x
      value: 0
      objectReference: {fileID: 0}
    - target: {fileID: 7967883188632942815, guid: 4768fde9bc539fa45ba37534f3ae9789,
        type: 3}
      propertyPath: m_LocalPosition.y
      value: 0
      objectReference: {fileID: 0}
    - target: {fileID: 7967883188632942815, guid: 4768fde9bc539fa45ba37534f3ae9789,
        type: 3}
      propertyPath: m_LocalPosition.z
      value: 0
      objectReference: {fileID: 0}
    - target: {fileID: 7967883188632942815, guid: 4768fde9bc539fa45ba37534f3ae9789,
        type: 3}
      propertyPath: m_LocalRotation.x
      value: -0
      objectReference: {fileID: 0}
    - target: {fileID: 7967883188632942815, guid: 4768fde9bc539fa45ba37534f3ae9789,
        type: 3}
      propertyPath: m_LocalRotation.y
      value: -0.7071068
      objectReference: {fileID: 0}
    - target: {fileID: 7967883188632942815, guid: 4768fde9bc539fa45ba37534f3ae9789,
        type: 3}
      propertyPath: m_LocalRotation.z
      value: -0
      objectReference: {fileID: 0}
    - target: {fileID: 7967883188632942815, guid: 4768fde9bc539fa45ba37534f3ae9789,
        type: 3}
      propertyPath: m_LocalRotation.w
      value: 0.7071068
      objectReference: {fileID: 0}
    - target: {fileID: 7967883188632942815, guid: 4768fde9bc539fa45ba37534f3ae9789,
        type: 3}
      propertyPath: m_RootOrder
      value: 0
      objectReference: {fileID: 0}
    - target: {fileID: 7967883188632942815, guid: 4768fde9bc539fa45ba37534f3ae9789,
        type: 3}
      propertyPath: m_LocalEulerAnglesHint.x
      value: 0
      objectReference: {fileID: 0}
    - target: {fileID: 7967883188632942815, guid: 4768fde9bc539fa45ba37534f3ae9789,
        type: 3}
      propertyPath: m_LocalEulerAnglesHint.y
      value: -90
      objectReference: {fileID: 0}
    - target: {fileID: 7967883188632942815, guid: 4768fde9bc539fa45ba37534f3ae9789,
        type: 3}
      propertyPath: m_LocalEulerAnglesHint.z
      value: 90
      objectReference: {fileID: 0}
    - target: {fileID: 7967883188632942815, guid: 4768fde9bc539fa45ba37534f3ae9789,
        type: 3}
      propertyPath: m_LocalScale.x
      value: 0
      objectReference: {fileID: 0}
    - target: {fileID: 7967883188632942815, guid: 4768fde9bc539fa45ba37534f3ae9789,
        type: 3}
      propertyPath: m_LocalScale.y
      value: 0
      objectReference: {fileID: 0}
    - target: {fileID: 7967883188632942815, guid: 4768fde9bc539fa45ba37534f3ae9789,
        type: 3}
      propertyPath: m_LocalScale.z
      value: 0
      objectReference: {fileID: 0}
    - target: {fileID: 9186839030772968165, guid: 4768fde9bc539fa45ba37534f3ae9789,
        type: 3}
      propertyPath: m_IsMaxSizeReinitAtAwake
      value: 0
      objectReference: {fileID: 0}
    - target: {fileID: 9186839030772968165, guid: 4768fde9bc539fa45ba37534f3ae9789,
        type: 3}
      propertyPath: m_MaxSize.x
      value: 0.1
      objectReference: {fileID: 0}
    - target: {fileID: 9186839030772968165, guid: 4768fde9bc539fa45ba37534f3ae9789,
        type: 3}
      propertyPath: m_MaxSize.y
      value: 0.1
      objectReference: {fileID: 0}
    - target: {fileID: 9186839030772968165, guid: 4768fde9bc539fa45ba37534f3ae9789,
        type: 3}
      propertyPath: m_MaxSize.z
      value: 0.1
      objectReference: {fileID: 0}
    - target: {fileID: 9186839030772968165, guid: 4768fde9bc539fa45ba37534f3ae9789,
        type: 3}
      propertyPath: m_EaseGrow
      value: 3
      objectReference: {fileID: 0}
    - target: {fileID: 9186839030772968165, guid: 4768fde9bc539fa45ba37534f3ae9789,
        type: 3}
      propertyPath: m_EaseShrink
      value: 2
      objectReference: {fileID: 0}
    - target: {fileID: 6330463292208542547, guid: 4768fde9bc539fa45ba37534f3ae9789,
        type: 3}
      propertyPath: m_Text
      value: Carte vitale
      objectReference: {fileID: 0}
    m_RemovedComponents: []
  m_SourcePrefab: {fileID: 100100000, guid: 4768fde9bc539fa45ba37534f3ae9789, type: 3}
--- !u!4 &5983058029504253302 stripped
Transform:
  m_CorrespondingSourceObject: {fileID: 7967883188632942815, guid: 4768fde9bc539fa45ba37534f3ae9789,
    type: 3}
  m_PrefabInstance: {fileID: 4439295923975337385}
  m_PrefabAsset: {fileID: 0}
--- !u!114 &4820462883844988748 stripped
MonoBehaviour:
  m_CorrespondingSourceObject: {fileID: 9186839030772968165, guid: 4768fde9bc539fa45ba37534f3ae9789,
    type: 3}
  m_PrefabInstance: {fileID: 4439295923975337385}
  m_PrefabAsset: {fileID: 0}
  m_GameObject: {fileID: 0}
  m_Enabled: 1
  m_EditorHideFlags: 0
  m_Script: {fileID: 11500000, guid: 1af9101bdaee6ee43822661df0a96d09, type: 3}
  m_Name: 
  m_EditorClassIdentifier: 
--- !u!114 &7656645816422942458 stripped
MonoBehaviour:
  m_CorrespondingSourceObject: {fileID: 6330463292208542547, guid: 4768fde9bc539fa45ba37534f3ae9789,
    type: 3}
  m_PrefabInstance: {fileID: 4439295923975337385}
  m_PrefabAsset: {fileID: 0}
  m_GameObject: {fileID: 0}
  m_Enabled: 1
  m_EditorHideFlags: 0
  m_Script: {fileID: 708705254, guid: f70555f144d8491a825f0804e09c671c, type: 3}
  m_Name: 
  m_EditorClassIdentifier: 
